2512 4620
238 192 391 310 regnum
412 207 600 300 eerraira
616 213 732 289 terrie
754 232 783 289 e.
803 206 919 291 XLV.
1003 176 1107 295 ⁸t6r
1191 294 1195 301 ,

68 374 171 455 modi
194 376 466 476 percipiuntur,
509 371 757 474 legunturque
782 372 921 453 susurri.
978 373 1109 478 Scopae

64 505 222 567 attamen
244 485 420 565 dissolutae
442 484 547 563 facile
576 485 724 588 quidem
748 486 976 586 franguntur.
1034 490 1108 570 Sed

68 600 187 679 fabula
208 623 284 677 non
305 601 385 686 est,
448 596 551 699 quod
578 611 696 697 poeta
720 613 855 674 canunt
886 603 1109 699 experientia

66 713 378 812 comprobatum,
410 709 506 787 lovis
529 708 679 785 fulmina
698 706 767 785 else
794 708 973 789 frondofis
1000 738 1110 815 quer.

65 826 205 912 cubus,
235 845 343 924 quam
371 818 469 898 liceis
492 818 629 920 stipulis
654 833 717 899 aut
746 822 981 901 arundinibus
1016 827 1108 904 inse·
1208 828 1211 833 ‘

68 939 189 1013 {liora
249 933 370 1027 Quod
403 953 546 1033 nupero
572 930 671 1008 bello
698 931 890 1032 septennali
923 935 1107 1017 atlitatum

68 1050 137 1134 eli,
169 1049 240 1133 eis,
271 1043 611 1146 quoruminterest,
642 1044 737 1151 clam⁴
754 1042 822 1122 else
838 1050 983 1146 nequit,
1021 1073 1108 1127 eum

64 1163 246 1245 attinens,
284 1159 456 1259 quicum
485 1154 699 1235 Triumvirir
722 1158 793 1233 iam
823 1158 1000 1258 incapite
1025 1159 1109 1240 libri

67 1273 135 1350 est:
164 1268 344 1369 designata
366 1292 454 1345 vern
476 1292 531 1345 res
553 1268 638 1345 inde
652 1269 724 1356 est,
757 1267 855 1347 unde
873 1269 1106 1353 novilsrmum

68 1384 193 1461 foedus
224 1374 432 1483 principum
464 1379 660 1482 auspicium
692 1383 801 1481 cepit.

125 1543 196 1622 Sed
224 1540 268 1620 ad
287 1540 517 1643 pundatoree
539 1540 662 1623 denuo
680 1557 913 1622 revertamur.
972 1541 1111 1625 Offen-

69 1658 124 1734 dit
142 1656 212 1732 hos
237 1678 387 1756 quoqne
412 1657 606 1731 iuramenti
633 1654 791 1731 formula
814 1659 850 1731 in
875 1654 1109 1736 ordinatione

68 1772 112 1845 ab
131 1767 306 1868 episcopis
325 1766 475 1867 praestari
496 1765 583 1840 sueti
603 1761 773 1840 Romano
792 1766 973 1863 pontifici,
1005 1769 1108 1868 quod

66 1883 259 1958 iuramenti
289 1879 549 1954 sacramentum
579 1897 658 1950 non
687 1874 803 1951 solum
842 1876 876 1953 S.
897 1874 1107 1957 Bonisacius

69 1991 274 2070 Germaniae
294 1986 498 2088 apostolus,
530 1984 618 2063 dum
634 1989 670 2061 in
692 1985 901 2086 episcopum
919 1988 1110 2070 ordinatur
1243 2012 1247 2019 ·

67 2105 157 2190 suit,
188 2100 261 2200 ipse
287 2100 446 2200 praestitit
466 2096 653 2196 Gregorio
670 2096 714 2175 ll.
735 2095 803 2190 P.;
840 2097 898 2174 sed
926 2102 1033 2178 etiam
1063 2104 1109 2177 ab

70 2215 144 2291 aliis
173 2210 373 2311 episcopis,
416 2225 458 2288 ut
483 2210 690 2288 iuramento
723 2209 792 2286 sese
820 2210 1112 2310 constringerent

70 2325 245 2404 Romana
270 2322 361 2410 sedi,
406 2325 554 2401 curauit.
613 2319 702 2400 Non
730 2323 899 2424 equidem
930 2327 1112 2401 iuramen-

72 2456 152 2515 tum
184 2435 270 2513 illud
298 2452 386 2512 tunc
409 2438 445 2511 in
472 2433 770 2513 consuetudinem
795 2437 905 2522 abiit,
937 2436 1110 2536 usquead

74 2550 297 2647 Gregoriuru
321 2546 402 2623 Vll.
423 2549 485 2648 qui
504 2546 592 2625 illud
618 2561 695 2623 turn
716 2548 760 2622 ab
783 2547 959 2647 episcopis
979 2548 1109 2638 ltaliae,

73 2685 158 2738 cum
187 2664 293 2735 etiam
319 2658 522 2735 Germaniae
543 2662 579 2732 in
598 2657 745 2733 schisma
776 2657 945 2757 prolapsis
973 2664 1106 2757 exegit

71 2771 154 2850 Fuit
177 2793 289 2869 porro
310 2767 465 2845 successu
488 2772 663 2868 temporis
682 2768 778 2846 auru
795 2774 984 2846 iuramenti
1003 2768 1112 2847 huiua

70 2882 255 2974 formula3
298 2881 356 2956 sed
387 2878 474 2954 nihil
503 2880 641 2956 obstitit
674 2880 867 2965 hellenus,
911 2884 1110 2981 quominus

71 3022 117 3074 eo
133 3000 336 3071 iuramento
354 2991 509 3069 obstrrtn
528 2991 720 3068 hierarcha
740 2990 945 3070 Germania
966 2995 1109 3090 imperii

74 3112 257 3209 principes
280 3107 424 3203 utrique
449 3105 572 3190 statui,
604 3105 705 3204 quod
726 3104 829 3181 suum
854 3118 954 3191 erat,
985 3105 1112 3181 redde·

74 3234 155 3296 rent
185 3243 312 3295 omnes
342 3217 387 3293 ad
413 3215 620 3314 praesentem
653 3215 763 3315 usque
794 3216 901 3294 diem.
961 3214 1112 3292 Florem

74 3331 169 3431 apud
195 3325 458 3407 Thomasrnum
478 3325 519 3415 u)
536 3328 580 3403 ad
605 3331 657 3404 tit.
685 3338 719 3413 8.
746 3326 926 3404 Decretal.
948 3327 1114 3404 observa·

75 3447 148 3528 vit,
180 3441 311 3518 horum
338 3442 641 3518 sacramentorum
665 3437 853 3523 formulis,
885 3463 964 3538 quae
986 3440 1035 3514 ibi
1060 3464 1115 3515 re·

75 3553 285 3639 censentur,
306 3552 432 3630 inserta
453 3550 521 3628 else
547 3555 680 3651 capita,
712 3574 792 3650 qua
809 3550 1029 3650 suspicantur
1051 3551 1115 3628 ali·

76 3670 139 3768 qui
161 3687 205 3739 ex
226 3682 347 3740 natura
371 3681 407 3741 et
426 3664 505 3761 lege
522 3662 715 3739 feudorum
738 3659 816 3738 else.
875 3719 897 3755 ‚‚
917 3662 987 3739 Sed
1007 3687 1046 3739 ea
1066 3662 1117 3739 sa·

78 3838 101 3873 ‚,
131 3792 310 3853 eramenta
327 3779 344 3873 (
363 3777 481 3855 subdit
504 3770 777 3863 Thomniinus)
797 3773 911 3853 feudis
928 3798 1005 3852 non
1030 3798 1116 3875 pau·

76 3890 187 3970 Tonr.
221 3886 262 3964 ll.
598 3881 629 3963 L
967 3940 990 3981 „
1019 3887 1059 3966 lo

119 4017 153 4089 a)
177 4011 221 4076 De
241 4008 336 4076 benef.
355 4009 383 4074 Ρ.
411 4009 448 4076 ll.
475 4009 552 4075 lll.
575 4029 600 4074 c.
619 4014 672 4086 46,
692 4026 723 4075 n.
749 4023 796 4091 rt.
