2506 4958
243 240 396 320 regnum
423 211 554 317 coriis·
577 218 618 296 in
644 218 767 304 terris
791 243 823 300 e.
852 216 980 303 XVII.
1009 190 1126 321 *iss
1209 312 1213 327 ¹

69 384 147 470 tit
179 382 277 486 tren,
295 397 348 473 8·
382 407 416 477 9·
448 385 652 485 praecepit,
696 398 739 465 ut
760 382 924 465 Israelitis
953 383 1047 467 male
1062 386 1128 470 fibi

69 524 200 615 regens
223 498 478 596 expetentibus
500 498 551 575 ob
580 496 713 576 oculos
747 516 902 600 poneret
925 501 980 578 ius
1004 503 1124 600 regis.

68 617 135 714 qui
173 621 394 717 regnaturus
427 606 470 698 eli
499 608 610 708 super
649 632 715 687 eos.
775 610 893 707 Quod
923 613 1127 716 explicatur

69 728 247 825 deinceps
276 727 332 800 ius
373 726 467 820 regis
504 746 582 799 non
626 721 744 801 solum
774 724 958 804 eiusmodi
980 725 1126 806 excedi·

67 858 186 927 vum,
216 835 320 939 quod
347 833 392 912 de
416 831 566 912 Eccleiia
583 833 642 912 iua
661 835 826 915 excludit
848 833 1013 918 Christus
1023 834 1039 928 ',
1062 861 1125 917 ve-

70 977 156 1031 rum
184 952 292 1028 etiam
321 945 444 1034 secus,
474 945 644 1025 acDeue
672 951 710 1025 in
730 946 812 1048 lege
833 945 948 1028 Mofis
967 951 1126 1050 praescri.

68 1062 168 1168 piit.
199 1053 363 1138 'modum
387 1065 523 1160 (quem
551 1063 612 1136 vix
637 1061 769 1159 optimi
797 1084 928 1160 regum
958 1061 1126 1144 ludaico.

67 1201 154 1257 rum
172 1174 354 1251 [eruamur
366 1168 442 1262 >ad
456 1169 617 1255 amuffim
633 1170 782 1252 Denter.
797 1171 923 1253 XVli.
940 1187 1000 1254 16.
1018 1170 1126 1255 Cam·

67 1282 272 1389 quesierit
289 1279 515 1375 constitutus,
544 1304 615 1360 non
634 1282 888 1383 multiplicabit
909 1283 973 1374 tibi
994 1310 1119 1388 eoum,

67 1424 142 1479 non
165 1398 306 1478 reducet
329 1392 495 1496 populum
523 1397 564 1472 in
596 1394 810 1495 Quum,
848 1402 1024 1495 equitatus
1053 1425 1122 1480 me·

67 1530 171 1594 mero
189 1507 400 1613 sublevatus
425 1511 494 1588 &c
528 1508 682 1605 Quanto
707 1513 819 1610 igitur
847 1515 962 1614 magis
990 1512 1121 1598 fastum

67 1626 233 1707 inuncet
259 1623 564 1725 praedominatum
592 1625 638 1700 ab
665 1620 816 1702 Eretriis
847 1623 905 1702 sua
932 1625 1120 1710 exclusum
1221 1666 1224 1671 ·

68 1738 190 1818 votuit
215 1736 383 1836 magister
408 1733 648 1813 humilitatis?
678 1733 773 1813 Nam
800 1732 892 1840 Quis
913 1741 1033 1816 maior
1051 1737 1119 1833 eti,

69 1852 136 1951 qui
156 1846 356 1935 remmio.
383 1869 429 1923 an
450 1848 512 1943 pai
529 1843 738 1940 minitrat?
756 1846 887 1927 Nonne
907 1852 971 1947 qui
984 1874 1124 1931 recum.

66 1961 161 2045 otto
189 1959 264 2060 ugo
283 1971 401 2038 wem
418 1961 458 2036 iu
482 1959 595 2035 modio
621 1955 774 2048 vetrum
796 1959 905 2056 [um.
948 1957 1034 2049 tisut
1059 1967 1122 2062 qui

66 2071 263 2167 motitur.
323 2069 395 2151 Vos
415 2082 534 2149 autem
568 2065 663 2162 eliis,
699 2073 762 2168 oui
784 2069 1019 2171 permunitis
1046 2099 1121 2157 mo.
1202 2121 1207 2129 ›

66 2212 149 2271 tum
175 2191 217 2265 in
234 2181 486 2263 metationibus
512 2185 609 2261 ruris.
667 2176 712 2260 ot
745 2205 810 2282 ego
829 2182 974 2284 dispono
993 2186 1125 2281 vobis,.

67 2299 156 2394 iisset
179 2297 348 2399 disposuit
373 2296 464 2373 miii
492 2293 603 2374 Potor
628 2317 725 2375 meas
754 2318 936 2394 regnum,
976 2312 1018 2376 ut
1040 2301 1121 2379 eda·

67 2419 119 2494 tis
144 2424 180 2491 et
199 2409 328 2489 bibatis
346 2407 457 2508 super
487 2407 643 2508 mensam
669 2433 784 2488 meam
813 2414 854 2487 in
880 2434 992 2510 regno
1015 2438 1093 2491 msa
1105 2438 1123 2508 ,·

69 2537 108 2606 et
121 2522 277 2625 sedeatis
289 2521 400 2628 saper
420 2520 588 2610 thronos,
637 2523 830 2601 iudicantes
849 2521 1028 2602 duodecim
1050 2531 1121 2604 tri.

69 2636 139 2720 itus
167 2634 287 2736 Israoi.
311 2632 402 2716 Luc.
425 2653 503 2722 aa.
528 2654 592 2724 29.
622 2630 727 2713 Hanc
753 2634 918 2715 Christus
949 2639 1122 2736 apostolis

69 2747 306 2853 {pandonem
338 2747 400 2826 dat
431 2748 709 2849 proximemus
735 2744 929 2848 pastionem
957 2749 1056 2828 suam
1084 2762 1123 2832 et

71 2878 266 2950 mortens,
305 2856 414 2963 mam
437 2861 473 2936 in
499 2858 531 2936 se
550 2858 630 2958 ipso
655 2873 730 2936 erat
756 2858 959 2939 dediturus
978 2864 1016 2939 in
1037 2884 1122 2941 cru·

69 2998 139 3065 ce,
161 2977 200 3052 in
215 2973 306 3055 statu
328 2973 617 3050 exinanitionis:
646 2970 834 3069 resurgens
850 2985 972 3052 autem
990 2997 1123 3051 ausor-

70 3091 147 3168 tuis
180 3090 222 3165 in
246 3087 337 3164 statu
362 3084 591 3162 exaltationis
627 3107 783 3182 regnum
810 3085 913 3162 suum
940 3085 1122 3165 institutu-

70 3224 136 3280 rus
163 3223 228 3300 per
256 3196 441 3298 apotiolos
467 3201 506 3274 in
530 3194 699 3274 universo
732 3195 884 3274 mundo.
932 3192 993 3276 Est
1017 3197 1121 3288 hoc.

69 3312 179 3417 quod
200 3309 365 3392 Christus
392 3309 586 3410 respondet
601 3307 773 3409 apostolis
794 3310 1064 3410 quaerentibus,
1095 3309 1123 3393 ii

70 3428 110 3505 in
146 3440 316 3524 ternpore
346 3421 420 3500 hoc
441 3419 526 3498 eiiet
550 3422 778 3498 restituturus
805 3444 960 3518 regnum
985 3421 1121 3502 lsrael:

72 3527 262 3636 accipietis
305 3537 479 3612 virtutem
504 3527 789 3633 supervenientis
834 3532 1049 3632 Spiritus&
1082 3539 1123 3612 in

71 3671 157 3736 eros,
187 3659 223 3726 et
246 3639 350 3726 eritis
377 3645 469 3722 milii
490 3642 585 3736 telios
605 3641 878 3744 interatum,
907 3655 943 3724 et
959 3650 1000 3724 in
1026 3651 1126 3725 omni

71 3759 192 3843 ludas
219 3770 257 3836 rt
281 3758 483 3847 Samaria,
523 3769 560 3839 ot
590 3781 697 3853 usque
728 3757 777 3834 ad
804 3755 970 3837 uitiorum
1007 3770 1124 3840 terra.

68 3871 115 3957 ld
143 3872 251 3979 quod
275 3860 325 3955 ao
346 3894 505 3974 regnum
533 3869 667 3952 Christi
695 3872 732 3949 in
752 3873 857 3950 terris
875 3871 1039 3965 adtinet.
1078 3870 1125 3952 de

587 4045 682 4143 Ge
994 4071 1072 4155 quo
1139 4122 1143 4133 ,
