2506 4958
255 138 407 217 regnum
430 113 754 210 certissisimis.
774 122 801 197 e.
814 108 901 197 XX.
1021 134 1101 218 ης

55 289 176 389 Super
197 279 411 362 christianos
440 279 572 359 scilicet
599 293 766 381 tempore
801 280 1099 380 persecutionum

54 400 231 501 oprimis
282 394 510 494 temporibus
546 397 582 470 in
625 389 812 501 Ecclesium
865 393 1097 479 sevientium.

55 509 216 593 Atridis
243 507 350 583 etiam
376 506 499 605 postea
527 505 561 583 S.
581 502 1037 603 ioannesa)uliudfiguam
1055 509 1099 585 ia

56 622 326 714 colomagnum
342 628 376 692 et
392 614 576 706 mirabile,
605 615 744 713 angelos
750 615 903 715 septem,
933 617 1100 699 hahentes

54 736 181 838 plagas
191 730 327 831 septem
349 725 564 823 nuvifflmas:
595 731 759 824 qumiam
778 733 818 804 in
842 729 911 806 illis
941 730 1099 831 cansam..

56 860 158 927 maia
175 840 220 934 eii
238 846 299 919 ire
314 839 391 917 Dei.
422 838 467 916 Et
489 838 527 930 d)
543 838 633 916 aiiii
658 843 797 937 primas
823 851 859 916 et
877 837 1000 938 effudit
1016 844 1100 941 pua:

56 959 155 1039 alam
169 955 278 1054 saum
301 955 522 1042 interram,
550 963 585 1028 et
597 948 736 1051 fusium
752 949 798 1041 eii
813 951 943 1030 vulnus
958 953 1099 1053 sevum

56 1085 90 1151 et
111 1067 287 1167 pefflmum
305 1068 345 1140 in
367 1063 545 1153 domines,
575 1066 637 1160 qui
659 1061 834 1141 habebant
859 1065 1099 1145 ascenderem

57 1180 185 1271 belisa,
216 1189 250 1257 et
266 1179 306 1254 ia
330 1198 407 1265 aas,
436 1179 498 1273 qai
523 1175 767 1254 adoraverunt
787 1179 980 1275 imaginem
1003 1183 1098 1260 eiust

58 1296 302 1397 Imperatores
343 1291 502 1388 primum
543 1288 788 1390 persecutores
829 1286 989 1367 Eccleiiae
1020 1294 1101 1389 (ut

61 1408 121 1487 uei
145 1427 193 1484 ex
226 1400 413 1481 Lactantio
442 1399 608 1480 discimus
647 1404 685 1477 in
717 1401 812 1478 libro
840 1402 886 1478 de
918 1405 1101 1483 mortibus
1156 1432 1160 1443 ¹

62 1508 367 1624 persecutorum)
395 1528 472 1591 tum
493 1514 599 1589 etiem
620 1514 657 1590 in
682 1510 890 1591 Romanum
904 1515 1101 1617 imperium

61 1631 231 1713 maximis
263 1624 377 1727 plagis
399 1623 591 1702 effessum:
641 1648 721 1725 quae
754 1625 803 1702 iili
832 1624 980 1726 quidem
1009 1641 1102 1706 tund
1203 1680 1209 1691 ·

61 1742 235 1840 religioni
255 1737 451 1815 christianae
467 1737 710 1837 imputabant,
741 1753 781 1814 ut
800 1760 848 1813 ex
873 1736 907 1816 S.
924 1738 1102 1839 Cypriani
1189 1816 1204 1839 ,

59 1856 159 1934 libro
186 1850 230 1927 de
247 1847 464 1926 mortalitate
492 1850 685 1935 discimus,
715 1847 946 1948 eiusdemque
968 1850 1129 1949 episto·-

61 1963 349 2068 ieepolugetice
366 1960 411 2039 ad
434 1958 675 2040 Demetrium.
717 1959 855 2060 riperto
872 1958 989 2059 sigillo
1010 1962 1102 2041 dum

62 2102 184 2181 equus
218 2072 319 2152 rufus
349 2089 575 2174 computet,
628 2068 663 2160 c)
693 2083 727 2147 et
748 2073 810 2168 qui
824 2069 965 2164 sedebat
989 2064 1102 2171 staper

63 2190 187 2274 iiiam,
233 2185 356 2262 datum
379 2182 425 2273 esi
452 2187 504 2273 ei,
546 2195 585 2260 ui
596 2181 757 2284 sumeret
772 2198 895 2281 pacem
915 2183 956 2261 de
975 2192 1104 2276 terra,'

64 2296 222 2382 Ecciefiu
247 2299 509 2397 nimirumper
538 2297 692 2386 Arium,
737 2312 778 2377 ut
799 2296 1015 2375 Pastoriuius
1045 2301 1103 2374 in·

66 2426 309 2513 terpretetur,
364 2411 554 2509 potestque
585 2415 630 2486 de
659 2409 796 2509 reliqua
828 2411 934 2485 etiam
962 2426 1105 2490 caterva

66 2523 470 2618 hereticmumaccipi,
498 2523 561 2621 qui
576 2544 700 2620 pacem
717 2519 876 2597 Ecciefiae
891 2524 1103 2617 turbarunt3

66 2642 145 2717 imo
180 2636 288 2711 etiem
325 2632 371 2711 ds
407 2629 533 2710 ludaeis
578 2635 774 2732 primarum
809 2631 1104 2728 persecutionum

67 2748 340 2832 incentoribus,
378 2756 418 2818 ut
447 2741 653 2845 indiscusse
677 2742 919 2838 interficiant,
950 2756 984 2819 et
1002 2744 1112 2822 dotus

68 2857 115 2950 eli
139 2862 174 2936 ei
195 2855 339 2954 gladius
363 2879 541 2952 magnum
591 2858 690 2957 quod
718 2854 930 2934 Pastorinius
961 2856 1006 2932 de
1033 2856 1108 2933 sm·

70 2971 315 3075 petitoribus,
344 2968 492 3068 aliisque
512 2969 618 3045 huius
639 2967 744 3045 seculi
769 2971 980 3068 potentibus
1010 2966 1109 3045 Aria·

70 3106 209 3163 norum
226 3084 387 3181 petronis
405 3080 583 3178 inteiligit.
643 3078 805 3157 Tertiam
823 3103 908 3155 vero
927 3080 1110 3179 epocham

71 3195 260 3273 constituit
282 3196 318 3268 in
341 3190 467 3269 Romae
491 3191 720 3292 Romanique
749 3194 887 3290 imperii
910 3191 1109 3292 depopula-

72 3311 175 3385 tione
203 3321 239 3383 et
263 3302 579 3381 dismembratione
609 3303 674 3381 sec.
692 3300 740 3378 V.
779 3322 815 3380 et
834 3301 899 3381 VI.
931 3324 1110 3403 pergem

70 3434 127 3497 tes
148 3419 313 3494 barbarus
337 3414 455 3503 sassa,
510 3414 764 3513 interpretatus
788 3439 923 3516 equum
957 3416 1109 3504 rufum,

70 3554 184 3633 quem
215 3528 250 3605 S.
269 3526 420 3607 loannes
446 3527 534 3604 vidit
562 3544 688 3627 aperto
708 3526 824 3626 sigillo
855 3534 986 3615 tertio,
1032 3527 1113 3605 Aia·

72 3648 192 3720 sicum
218 3638 431 3718 Gothorum
466 3663 618 3737 regem,
669 3644 705 3715 in
738 3662 813 3740 quo
842 3638 926 3717 Ben.
965 3635 1113 3718 Bossuet

72 3751 254 3840 subsistit.
299 3751 477 3829 exhaustis
506 3750 614 3830 veluti
643 3751 775 3852 septem
791 3756 850 3828 irae
873 3751 943 3831 Dei
966 3752 1112 3854 phialis,

75 3864 182 3945 Tum.
219 3861 245 3940 l.
608 3861 643 3942 K
1015 3886 1060 3941 ac

114 3975 151 4049 e)
173 3968 269 4047 spos
285 3964 353 4033 xi.
415 3971 451 4048 s>
471 3968 562 4048 upoc
580 3968 662 4035 xvi.
680 3986 710 4035 a·
775 3974 807 4051 r)
828 3972 920 4050 spos.
935 3964 988 4034 is.
