2506 4958
230 252 385 331 regnum
405 226 538 325 Christi
560 232 799 327 latuerint.
824 226 946 313 XLII.
1056 252 1113 333 37

62 393 237 483 aderant,
256 395 423 489 doliores
437 395 601 495 graduati
616 452 628 485 ,
646 395 778 497 aliique
796 395 932 498 ptaelati
943 407 979 475 et
995 419 1112 477 cauo-

62 513 155 597 nici.
186 523 294 609 atque
317 508 569 586 austoritatem
595 506 660 586 libi
678 508 837 609 suffragii
859 510 1105 610 arrogabant,

62 619 213 703 Bafileae.
271 618 345 697 Ubi
376 617 581 720 procelsum
607 621 675 709 est.
704 622 832 701 frustra
852 620 1110 700 intercedenti-

64 736 133 814 bus
150 733 373 833 principibus
389 728 497 832 ipsis,
517 755 560 819 ac
574 755 702 811 eorum
723 731 862 833 legatis,
883 736 979 833 regis
995 735 1107 813 etiam
1127 766 1131 783 ¹
1222 825 1224 831 y

62 845 284 931 Galliarum,
303 841 575 944 Hispaniarum,
599 847 686 924 item
703 844 841 944 Angliae
857 860 895 923 et
914 844 1108 946 Portugal·

61 958 121 1037 liae
149 981 213 1058 per
243 955 376 1033 litteras
398 971 434 1033 et
463 959 632 1035 nuntios:
678 957 804 1058 legatie
835 960 943 1035 etiam
967 953 1109 1036 Elesio-

64 1094 146 1150 rum
169 1068 374 1148 Germaniae
390 1065 557 1146 Basileam
574 1065 700 1155 mille,
731 1082 768 1146 et
790 1072 884 1169 regis
905 1066 1106 1149 Galliarum

63 1179 1108 1287 postcelebratumBiruricisprovincialiumsuotumcon·

63 1313 243 1380 uentum,
265 1295 479 1392 rogantibus
496 1290 726 1379 Basileenses,
744 1308 787 1371 ut
802 1316 821 1369 a
836 1289 1001 1394 procellu
1015 1316 1107 1373 eon-

60 1421 117 1486 tra
133 1403 338 1505 Eugenium
368 1402 558 1483 cessarent:
594 1401 798 1482 Dominico
827 1405 976 1485 demum
1007 1405 1105 1485 card.
1222 1424 1249 1474 κ

61 1514 504 1598 TarraconeniiBalileam
523 1518 749 1594 adventante.
777 1515 1033 1596 Nihilominus
1051 1518 1107 1596 iili
1248 1604 1250 1611 ¹

60 1630 210 1709 notiore
245 1627 412 1707 cardinali
440 1626 631 1736 Arelatenli
660 1651 736 1706 rem
764 1629 1013 1707 maturandam
1041 1630 1108 1708 sta·

61 1755 200 1821 tuuot:
232 1738 368 1820 tametli
401 1796 424 1833 „
444 1741 576 1842 ptaelati
607 1739 810 1841 Hispanicae
840 1742 996 1819 nationis
1019 1739 1107 1821 alse-

60 1910 86 1950 „
117 1868 256 1939 terent,
287 1855 321 1930 se
341 1854 549 1953 probationi
568 1854 865 1931 criminationum
888 1868 1016 1932 contra
1034 1851 1108 1933 Eu·

61 2005 92 2062 „·
117 1969 266 2064 genium
294 1989 373 2042 non
397 1961 613 2043 alsensuros:
655 1981 691 2043 et
713 1964 991 2045 Panormitauus
1015 1989 1106 2066 prae·
1204 2022 1210 2033 -

60 2134 85 2174 „
117 2078 192 2164 sul,
223 2079 284 2179 qui
309 2077 391 2154 alias
421 2077 717 2154 accelerationem
750 2078 872 2157 iudicii
893 2077 1106 2180 persuadere

59 2247 85 2286 ,,
116 2189 371 2278 consueverat,
403 2213 503 2266 nnnc
522 2189 822 2289 supersedendum
841 2193 999 2269 omuino
1018 2213 1106 2269 cen·

59 2359 84 2399 ,‚
114 2303 233 2379 lebat:
263 2298 558 2403 affirmabatque,
584 2299 715 2380 Italicis
734 2315 771 2381 et
797 2301 998 2403 Hispanicie
1024 2325 1105 2381 nou

61 2471 86 2510 ‚‚
119 2416 455 2502 consentientibus,
500 2411 594 2515 quali
635 2412 752 2491 media
791 2431 894 2516 parte
932 2413 1103 2505 concilii,

63 2583 87 2622 ,‚
122 2529 210 2605 nihil
226 2530 269 2604 ab
290 2528 365 2603 aliis
389 2528 491 2604 {intui
523 2523 640 2626 polle:
671 2527 773 2626 quod
802 2527 950 2627 quidem
980 2526 1111 2611 aGal«

64 2697 88 2734 „
114 2638 191 2717 licis
218 2656 254 2717 et
279 2638 506 2716 Germanicis
532 2662 607 2713 non
637 2637 914 2717 admittebatur:
943 2662 1029 2717 eum
1050 2639 1106 2717 di·

63 2808 87 2846 ‚,
118 2766 262 2837 cerent,
291 2775 354 2828 eos
375 2750 479 2827 nullo
498 2749 613 2826 modo
632 2772 757 2848 pates,
783 2751 845 2828 sed
862 2754 923 2829 vix
940 2764 1107 2852 quartam

63 2920 88 2958 „
119 2880 288 2964 partem,
351 2862 481 2962 quibus
523 2860 762 2962 respondebat
799 2860 1104 2952 Panormitaous.

64 3032 88 3070 „
118 3000 193 3053 non
219 2973 408 3074 praelatos,
438 2976 570 3075 quibus
598 2972 649 3051 illi
676 2975 834 3067 maxime
854 2975 1103 3062 abundarent.

66 3145 91 3183 ,‚
118 3112 195 3164 non
214 3088 344 3163 habere
366 3086 579 3186 potestatem
602 3085 777 3164 statuendi
799 3088 834 3164 iu
852 3086 1038 3172 conciliis,
1069 3099 1108 3165 et

64 3257 88 3297 „
117 3199 273 3300 proinde
303 3198 337 3276 se
362 3195 430 3276 elle
456 3202 505 3276 eis
533 3200 708 3300 aequales.
767 3222 853 3279 cum
888 3223 964 3278 non
995 3196 1107 3277 essent

55 3314 305 3408 „inferiores
348 3334 504 3405 numero
543 3310 788 3411 prelatorum.
860 3309 919 3390 Fit
960 3312 1107 3390 tandem

64 3479 90 3522 „
119 3426 360 3522 congregatio
383 3424 559 3524 generalis
580 3424 624 3500 ad
654 3420 719 3500 lV.
765 3421 943 3503 Calendae
967 3423 1107 3514 Maias,

65 3592 90 3632 ,‚
119 3539 248 3634 inqua
278 3558 363 3614 cum
394 3551 689 3636 proponeretur,
728 3558 773 3614 an
801 3536 1034 3633 admittendae
1056 3534 1108 3613 es·

66 3706 91 3744 „
121 3647 196 3723 sent
226 3651 495 3726 criminationes
531 3644 714 3747 Eugeoii,
773 3665 936 3728 oratores
975 3670 1106 3746 regum

68 3818 92 3856 „
121 3757 299 3856 Hispaniae
328 3776 362 3836 et
387 3760 621 3861 Arragoniae.
665 3759 844 3862 ducisque
877 3758 1105 3849 Mediolani.

68 3929 96 3969 „
122 3887 157 3951 et
175 3870 475 3953 Barchinoneuiie
492 3871 653 3980 episcopi
680 3874 833 3954 nomine
859 3868 1020 3953 Ecclefie
1043 3869 1109 3950 He.

564 4007 599 4092 C
629 4028 648 4104 3
927 4063 952 4106 ,
977 4007 1055 4112 spa·
1144 4006 1207 4143 ’χχ
