2506 4958
238 233 389 313 regnum
409 203 540 299 Odridi
554 211 595 287 in
609 209 763 288 teresse.
783 204 880 290 LIV.
995 216 1079 307 289
1154 142 1193 191 ἰ

86 380 195 458 inatus
226 371 266 464 u)
319 429 342 468 ‚,
373 370 581 468 Quomodo
610 375 782 450 minimus
808 396 880 473 ego
908 390 1079 475 peccator

93 489 279 592 Ephrem.
319 484 521 586 plenusque
539 484 673 561 desidis
691 507 852 561 enarrare
868 509 907 562 ea
924 502 1079 586 potero.
1199 554 1202 565 ,

93 627 175 705 quae
197 622 292 676 meas
314 597 497 675 excedunt
513 596 627 672 vires?
644 595 742 691 Quia
760 595 904 673 tandem
916 597 1080 677 Salvator

92 714 216 794 noster
249 712 379 811 pietate
411 707 469 785 sua
498 708 664 786 indosios
698 708 899 808 sapientiam
930 710 1079 801 docuit,

92 847 233 928 perque
253 845 317 900 eos
338 819 459 898 fideles
484 819 618 922 ubique
638 818 837 906 illuminat,
866 835 903 897 et
928 822 1000 921 ipse
1014 821 1082 902 iiu-

95 959 207 1040 guam
230 933 389 1011 nostram
402 930 534 1007 affatim
554 944 699 1018 moret,
723 931 767 1008 ad
784 954 824 1008 ea
841 932 1055 1012 recensenda
1065 944 1085 1024 ,'

96 1072 180 1152 quas
196 1049 232 1122 in
247 1065 491 1142 pommunem
507 1042 695 1120 utilitatem
714 1041 1080 1144 aedificationemque.

94 1177 134 1239 et
158 1157 246 1236 nihi
270 1157 433 1244 dicenti.
480 1168 517 1232 et
543 1154 679 1232 condis
704 1155 929 1232 auditoribus
954 1156 1085 1235 cedere

98 1269 258 1377 poffint.
304 1269 408 1344 verba
434 1266 472 1341 in
493 1264 682 1344 doloribus
710 1266 867 1345 faiiurus
891 1266 997 1356 sum,
1046 1283 1086 1348 et

95 1406 182 1463 cum
209 1379 358 1481 suspiriis
382 1379 499 1456 dicam
529 1377 575 1454 de
595 1376 736 1454 instanti
763 1377 974 1460 huiusmodi
993 1403 1086 1459 con·

100 1495 372 1578 summatione,
420 1486 801 1591 impudentiffimoque
836 1511 878 1568 as
903 1489 1086 1571 saviffimo

99 1609 282 1692 dracone,
328 1602 391 1702 qui
414 1603 620 1678 turbaturus
642 1600 809 1678 adveniet
838 1623 987 1682 omnem
1020 1603 1088 1683 sub

100 1718 206 1798 coelo
230 1716 447 1813 regionem,
478 1714 649 1787 timorem
673 1733 715 1788 ac
736 1706 1084 1811 pufillanimitstem.

101 1849 323 1931 gravemque
345 1818 530 1923 perfidiam
553 1820 754 1898 multorum
774 1819 877 1901 simul
892 1821 1088 1904 hominum

104 1934 312 2043 pectoribus
336 1934 523 2025 iniiciens3
562 1931 730 2031 prodigia
753 1955 903 2035 quoque
922 1958 963 2015 ac
990 1935 1090 2036 signa

105 2062 334 2147 terroresque
350 2044 594 2145 protendens,
626 2059 668 2122 ut
687 2040 712 2119 ss
730 2041 814 2121 fieri·
826 2044 951 2148 poffit,
981 2049 1018 2123 in
1033 2070 1089 2124 er·

103 2185 224 2241 rorem
244 2164 349 2235 etism
375 2155 471 2256 ipsos
503 2154 651 2233 inducat
685 2155 838 2245 eleetos,
883 2180 1090 2258 omnesque

105 2275 261 2373 decipiat
283 2273 320 2347 in
348 2266 436 2345 falsis
465 2287 506 2345 uc
526 2268 758 2345 mendacibus
789 2267 916 2367 figes,
948 2272 1090 2372 prodi-

105 2390 327 2490 giorumque
353 2380 596 2480 imaginibus.
624 2402 703 2482 quae
721 2380 765 2456 ab
788 2382 852 2459 iilo
881 2379 976 2460 fient.
1037 2382 1092 2462 Si·

108 2496 256 2600 quidem
275 2493 378 2571 sandi
396 2491 467 2570 Dei
480 2486 646 2591 permissu
663 2493 893 2592 potestatem.
909 2495 1093 2595 decipien-

108 2610 145 2687 di
166 2607 364 2692 mundum,
388 2606 562 2702 accipiet.
590 2601 690 2701 quod
713 2604 862 2703 impieta
877 2607 947 2683 iaus
964 2603 1006 2683 stt
1023 2610 1091 2682 im·

110 2725 221 2822 pietas
244 2715 378 2801 secuti,
410 2714 583 2814 quodque
607 2714 652 2789 ab
678 2716 877 2803 omnibus,
915 2734 952 2794 et
976 2719 1092 2795 ubivis

109 2832 276 2908 locorum
317 2823 460 2926 peffima
496 2844 649 2926 queque
682 2840 946 2926 perpetrentur.
1005 2825 1093 2908 Eam

111 2945 224 3043 igitur
249 2939 299 3016 ob
322 2961 399 3014 rem
420 2934 664 3014 immaculatus
685 2934 873 3016 Dominus
895 2940 1018 3042 spirito
1038 2964 1095 3018 er·

114 3058 205 3133 roris
232 3053 361 3128 tentari
387 3053 541 3149 patietur
569 3049 748 3126 mundum
786 3067 936 3152 propter
964 3072 1095 3132 eorum
1182 3038 1192 3059 ⁸

115 3169 355 3267 impietatem:
393 3161 689 3262 quandoquidem
719 3159 766 3239 fic
792 3160 877 3241 Deo
904 3163 1095 3255 nerestein.

116 3278 251 3380 placuit
266 3271 853 3372 bominibosadbaereremaligno.
887 3271 1095 3374 Magnum.
1201 3270 1205 3282 '

116 3385 261 3467 fratres!
276 3403 364 3464 tunc
383 3383 517 3462 condis
535 3383 743 3462 bominibus
754 3383 919 3464 fidelibus
936 3388 1005 3464 erit
1021 3411 1100 3465 cer·

121 3517 239 3578 tameo
260 3499 296 3574 in
322 3497 449 3574 diebus
473 3494 559 3582 iliis.
591 3496 738 3598 quando
758 3493 855 3597 figna
875 3515 909 3576 et
928 3498 1100 3599 prodigia

89 3688 90 3701 Ν
121 3616 156 3689 in
181 3631 310 3709 magna
334 3610 506 3710 potestate
520 3609 563 3684 ab
583 3606 660 3709 ipso
680 3609 837 3686 dracone
850 3606 1099 3710 perficientur:

89 3786 93 3818 ,
120 3721 267 3825 quando
288 3718 405 3800 rursus
429 3718 580 3822 seipsum
599 3736 640 3797 ut
656 3716 778 3800 Deum
797 3722 1007 3811 ostentabit,
1026 3722 1104 3801 sor·

89 3861 185 3942 sorr.
214 3853 259 3936 li.
325 3837 326 3841 Ν
593 3852 629 3936 Τ
767 3912 792 3957 ,,
821 3855 1051 3942 uidebimus

111 4009 209 4104 ms.
232 4002 361 4092 simp.
383 4004 477 4077 crae.
498 4005 550 4075 ses
572 4025 604 4092 a
629 4025 702 4101 ara,
