2506 4958
220 220 371 300 regnum
390 193 522 290 Chritir‘
533 200 712 281 interris,
732 221 761 281 c.
781 194 898 283 XLV.
997 211 1088 296 aar

52 366 161 451 irent,
191 386 239 442 ne
260 361 416 442 aliorum
440 364 569 462 iugum
589 377 789 462 aggravent
807 364 876 443 suo
897 366 1005 442 etiam
1027 386 1096 469 ειε-ἱ

53 474 192 577 emplo.
251 473 386 577 Neque
405 496 494 553 vero
516 479 637 553 minus
657 474 859 575 pericnlum
880 475 1094 555 iurisdidio·

49 591 109 669 nis
122 588 222 665 sacre
237 587 287 665 eii
303 587 434 674 hodie,
451 609 561 692 quam
582 586 759 688 profanae,
786 587 908 667 soluto
928 588 985 666 vei
1004 611 1094 666 con·

51 697 154 780 cuiso
178 722 275 777 nexu
303 697 525 778 hierarchico
552 702 591 777 in
616 702 881 791 ‚communione
909 699 1094 801 potestatis

53 807 291 900 eccleiiusticae
315 809 539 889 summorum
571 808 732 888 Ecclefiae
760 811 966 915 postorum,
997 835 1092 911 pon-

53 921 161 1000 tificis
190 937 226 1000 et
254 921 522 1025 episcoporum.
581 919 799 1024 Optandum
831 921 937 1011 eiiet,
984 942 1026 1001 ut
1050 922 1096 1001 ad
1217 930 1226 961 ¹

57 1036 224 1112 omniurn
248 1033 514 1113 hierarcharum
540 1037 709 1112 notitiam
734 1031 946 1133 perreniffet
974 1037 1096 1112 moni·

55 1163 137 1225 tum
165 1145 277 1234 illud,
313 1146 415 1246 quod
438 1143 659 1254 Benedidua
675 1142 784 1229 XiV.
809 1145 959 1249 reliquit
973 1148 1028 1223 in.
1043 1148 1099 1224 iu-

55 1257 149 1358 figni
174 1280 284 1358 opere
309 1257 355 1337 de
366 1255 497 1353 synodo
519 1254 708 1356 dioecesano
728 1253 768 1342 o)
791 1257 1004 1335 elucubrate
1032 1281 1096 1335 an·
1192 1348 1195 1361 Ι

55 1386 93 1446 te
120 1371 221 1448 suum
254 1368 526 1470 pontificatum,
570 1392 657 1451 cum
693 1367 780 1451 effet
806 1368 1105 1470 arehiepiscopur·

56 1479 311 1568 Bononienfis,
336 1480 486 1580 collegia
520 1477 589 1561 suis
609 1480 813 1585 episcopis:
840 1532 863 1573 ,‚
879 1480 940 1559 Ne
964 1482 1000 1558 in
1029 1480 1099 1563 suia

57 1594 425 1686 „constitutionibus
458 1593 594 1696 aliquid
631 1596 808 1692 obrepere
830 1590 964 1679 fiuant,
995 1592 1098 1694 quod

57 1760 81 1799 „
111 1704 181 1782 uile
208 1708 347 1781 ratione
364 1705 569 1804 apostolicae
589 1704 677 1780 sedis
696 1716 759 1779 aut
778 1702 980 1782 andorituti
1006 1707 1100 1783 iniu-

57 1872 82 1910 ‚,
112 1821 198 1894 rirrn
220 1819 383 1914 irroget,
414 1829 477 1892 uut
493 1819 570 1892 iura
592 1814 788 1892 diminuat:
818 1813 968 1891 obeam
995 1820 1101 1914 quip-

58 1985 81 2023 ,‚
112 1953 156 2027 pe
171 1927 469 2005 coniunctionem
483 1940 520 2002 et
534 1921 848 2012 necessitudinem,
861 1947 969 2024 quam
985 1949 1099 2001 mem-

57 2097 81 2134 „
111 2043 271 2115 brucum
296 2037 359 2116 suo
380 2039 498 2136 cupite
515 2035 647 2114 habere
664 2048 832 2134 oportet,
865 2038 1022 2113 maxime
1039 2037 1101 2113 de·

61 2208 85 2243 „
115 2164 196 2236 cet,
228 2166 267 2226 ut
284 2148 345 2248 ipsr
368 2147 603 2248 prime-sedis
620 2149 899 2247 prerogativae,
930 2171 1010 2248 quae
1033 2147 1101 2225 hac

60 2317 84 2356 ,‚
114 2259 304 2360 presertim
331 2259 561 2358 tempestate,
592 2258 798 2337 multorum
822 2260 956 2337 invidia
978 2262 1015 2336 in
1032 2259 1100 2337 dis-

60 2430 86 2468 „
115 2376 250 2450 crimen
278 2387 478 2460 vocantur,
509 2370 635 2448 sedulo
658 2369 874 2459 defendant,
906 2388 943 2450 et
962 2394 1030 2472 pro
1048 2373 1100 2447 ri·
1167 2466 1174 2473 .

60 2542 85 2579 „
115 2487 211 2561 ribus
238 2500 500 2584 promoveant:
539 2482 636 2561 suam
664 2485 762 2560 enim
789 2484 928 2562 causam
950 2488 1098 2582 agunt,

62 2651 86 2691 „
115 2620 199 2674 cunr
220 2597 374 2695 supremi
397 2597 547 2696 pastoria
569 2593 818 2673 auiioritatem
840 2610 1099 2695 propugnant,

64 2764 87 2803 ,‚
114 2723 149 2783 et
170 2707 358 2784 sustinent:
389 2708 586 2805 quoniam,
617 2703 766 2783 iihuius
785 2707 862 2785 iura
877 2722 1101 2796 evertantur,

63 2876 87 2914 „
114 2817 283 2918 paulatim
309 2818 441 2917 pariter
466 2816 678 2894 inferiorum
701 2814 890 2915 praesulum
909 2816 1103 2893 iurisdiiiio

65 2988 89 3024 ,‚
119 2931 278 3013 nutabit,
309 2943 345 3005 et
366 2947 555 3021 corruet„.
615 2926 747 3006 Subdit
763 2927 808 3004 ad
828 2951 903 3004 rem
925 2927 1102 3026 insignem

66 3036 303 3122 Duziacenirs
323 3039 470 3117 concilii
495 3038 617 3117 locum
644 3061 691 3116 err
717 3035 896 3119 Harduini
917 3039 1104 3118 oo‘ltettio-

67 3178 125 3231 ne.
155 3149 194 3241 ὁ)
250 3150 375 3245 Quam
411 3173 499 3227 vero
530 3151 730 3229 dotitinam
760 3153 797 3228 in
829 3164 926 3229 tanta
955 3145 1104 3251 quidem

69 3265 179 3342 hodie
200 3263 427 3364 synodorum
448 3266 589 3340 raritate
611 3261 836 3362 migrandum
863 3264 1008 3364 prorsus
1030 3265 1106 3340 ani-

71 3400 173 3452 mum
195 3376 339 3452 induxit
362 3374 469 3473 paulo
495 3390 579 3451 ente
604 3388 803 3451 memorata
828 3374 987 3476 synodus
1012 3374 1108 3455 dioe-

71 3485 463 3567 cesanaPistoiacenirr
494 3484 670 3563 initalia.
737 3485 809 3564 Sed
842 3509 917 3563 non
951 3484 1108 3587 permisit

73 3598 236 3677 Christus
257 3598 397 3677 suarum
422 3595 697 3698 promiffionum
718 3618 864 3675 mernor
890 3598 1052 3699 dataeque
1067 3596 1108 3675 fi-

76 3710 133 3791 dei
155 3711 193 3786 in
209 3708 277 3788 fuir
297 3715 402 3790 etiam
428 3705 687 3792 succeiiotibus
702 3714 719 3809 (
734 3707 845 3813 super
867 3708 958 3788 hunc
970 3700 1109 3807 petrum

568 3827 615 3907 M
646 3848 665 3922 ς
887 3829 1060 3929 adrficuiro

122 3989 156 4064 n)
178 3980 243 4054 tn.
265 3983 322 4055 tx.
345 4003 372 4055 r.
398 4003 425 4054 r.
490 3989 523 4068 i)
543 3982 583 4054 Τ.
605 3983 643 4053 v.
665 3983 723 4054 rot
749 4001 838 4068 ηπ.
