2512 4620
242 145 395 224 regma
415 114 924 232 ariditaterrirsssll'ss'
1035 134 1109 218 183
1215 212 1219 229 ι

66 341 93 381 ,,
119 283 295 388 pontifice
312 283 522 365 Ludovicur
541 282 606 364 tv,
640 281 747 362 illua
776 248 918 363 tantum
950 283 1110 365 vindica·

67 455 91 491 „
120 415 199 476 tum
221 396 357 488 ivisset,
384 413 421 476 et
434 402 473 476 ni
489 397 582 475 mala
599 397 752 475 illorum
771 410 980 497 temporum
999 397 1110 475 iuter·

67 568 92 605 „
119 507 305 591 venillent,
362 508 496 596 Certe,
520 508 623 611 quod
640 507 700 586 ille
715 522 905 608 tantopere
919 510 1107 609 cupiebat.
1146 604 1149 613 Ι
1219 502 1222 509 ’

66 680 92 716 ‚,
120 623 282 701 obtinuit
305 621 463 703 Carolus
481 618 546 700 Ν.
576 634 617 700 ut
640 618 750 700 ltalia
768 619 1039 711 dominaretur,
1068 624 1108 701 tt

65 792 90 830 ‚‚
121 740 217 832 regia
258 734 415 835 potestas
445 732 620 835 penderet
655 731 765 811 alula
803 729 1008 835 Eletlorum
1043 756 1106 812 au·

70 903 94 940 ‚,
125 846 308 925 thoritate.
367 845 447 924 lure
463 841 642 924 adlirmari
660 845 818 947 poterit,
838 842 1107 947 neexemplum

66 1014 91 1052 „
121 958 267 1058 quidem
289 954 359 1035 effe
382 959 540 1035 inomni
556 981 678 1036 rerum
699 958 898 1044 memora,
928 958 990 1035 ubi
1008 980 1106 1058 pon-

66 1126 90 1163 „
119 1070 209 1147 tifex
230 1068 438 1171 procellerit
465 1068 642 1147 adrerlua.
661 1091 749 1156 eos,
787 1070 852 1171 qui
868 1070 1005 1148 iuribus
1035 1069 1106 1148 suia

66 1239 90 1274 ‚,
120 1186 270 1269 intenti,
302 1182 393 1261 ultra
411 1181 544 1259 limites
564 1183 686 1281 vagati
715 1182 880 1261 animum
898 1204 979 1259 non
1000 1181 1106 1261 indu·

66 1351 90 1388 ,‚
121 1292 352 1372 aerinrsuum
370 1351 402 1387 „.
462 1292 748 1397 Scripseratbaec
765 1291 1105 1394 Senekeubergiua,
1193 1364 1222 1393 ,

68 1423 263 1507 antequam
287 1407 323 1482 in
354 1402 550 1503 Germania
578 1407 698 1489 nostra
715 1404 892 1487 catholica
915 1404 984 1486 elle
1005 1404 1106 1485 ride·

70 1534 191 1606 retur,
222 1522 286 1620 qui
307 1521 459 1597 inimico
486 1519 669 1596 animuin
695 1516 815 1597 sedem
840 1517 1103 1619 apostolicam,

67 1627 276 1708 Romanum
302 1628 514 1730 pontificem
543 1629 695 1707 diceret:
726 1626 878 1706 Venient
896 1629 968 1706 dies
992 1626 1104 1708 ludus

62 1744 182 1841 patris
202 1744 272 1817 anei
286 1738 334 1830 ol
363 1740 584 1839 suspiciebat
609 1738 924 1836 Senekenbergiue
953 1742 990 1817 ita
1007 1740 1104 1820 tede

67 1854 235 1932 Romana
254 1852 416 1951 sagacem
435 1850 532 1927 illam
562 1874 604 1928 ac
625 1850 915 1952 circumspedam
945 1872 1105 1931 oecono-

67 1969 204 2050 miam.
234 1987 306 2069 qua
324 1964 394 2040 iam
415 1961 571 2041 aseculis
592 1960 788 2041 identidem
808 1966 961 2061 angore
979 1962 1045 2039 illo
1061 1965 1101 2043 in

67 2077 296 2154 moderando
327 2072 486 2154 acereta
519 2076 697 2174 regimine
721 2076 944 2161 remittebat,
990 2097 1101 2176 quem

63 2188 262 2290 aliquando
293 2187 395 2266 zelus
419 2184 614 2266 fecundum
642 2186 823 2267 scientiam
846 2186 991 2267 illorum
1011 2202 1105 2267 tem.

65 2325 199 2403 porum
216 2300 365 2378 ditlabat
379 2298 712 2398 constringendum
761 2299 910 2380 Alienus
929 2302 1041 2400 igitur
1060 2300 1104 2378 li·

66 2431 125 2493 cet
158 2413 295 2491 alacris
320 2413 449 2491 nostris
478 2412 566 2490 illud
592 2427 712 2490 tamen
736 2412 781 2489 ad
805 2413 960 2491 tribunal
984 2412 1102 2491 confi-

65 2527 184 2613 dens,
216 2528 252 2601 in
280 2549 359 2625 quo
381 2523 493 2601 causae
517 2526 657 2623 imperii
682 2522 890 2600 Germanici
919 2522 1100 2623 religione

63 2643 160 2717 inter
184 2634 216 2712 se
234 2635 317 2712 lcillt
341 2634 541 2712 fecundum
562 2637 618 2711 ius
645 2633 769 2735 fasque
788 2633 994 2713 alterutrius
1014 2637 1100 2713 diti-

64 2753 146 2827 bitae
168 2761 344 2846 aguntur,
376 2748 413 2820 in
433 2742 603 2822 Romano
635 2744 807 2847 pontifice
840 2748 1014 2823 reveritus
1040 2770 1099 2825 ca·

64 2880 132 2965 put
157 2858 314 2939 Eccleliae
340 2856 547 2943 catholica.
579 2860 706 2960 inqua
732 2856 821 2936 nillil
847 2858 1029 2958 antiquius
1049 2859 1100 2938 est

66 2977 226 3057 unitate,
257 2972 301 3048 ab
326 2973 401 3047 eius
427 2985 557 3049 centro
572 2968 741 3049 Romano
760 2968 958 3073 pontifice,
986 2993 1098 3071 expe·

64 3089 191 3162 aientia
215 3083 300 3162 inde
325 3109 344 3159 a
368 3086 483 3182 prima
510 3079 671 3162 Eccleliae
708 3100 810 3161 aetate
836 3082 1010 3170 cdodus,
1043 3085 1098 3173 ni-

65 3197 117 3274 hil
137 3221 212 3272 non
230 3196 275 3272 ad
288 3219 367 3272 eam
383 3193 661 3274 conservandam
677 3196 892 3297 exipeilarit
906 3193 1096 3272 litandum.

65 3310 178 3386 Aliam
214 3307 388 3385 chordam
413 3311 566 3396 feriens.
596 3331 676 3385 nou
699 3311 747 3385 ita
763 3309 882 3386 multo
907 3307 1097 3408 postquam

64 3422 141 3497 hac
154 3417 330 3518 scripserat
344 3417 675 3518 Senekenbergiur‚
688 3420 866 3497 oberravit
885 3418 1099 3498 febronius.

65 3535 225 3629 Superos
250 3532 279 3605 is
303 3531 572 3632 acherontaque
595 3555 747 3609 movent
773 3533 868 3608 libro
895 3529 961 3608 loo
978 3529 1098 3629 lingu-

66 3646 156 3731 lati,
186 3665 317 3746 quem,
340 3659 381 3721 ut
394 3643 588 3744 pralefert,
606 3647 641 3720 in
663 3644 813 3723 dubium
837 3642 933 3723 haud
948 3666 1095 3733 uocem,

555 3771 598 3856 Μ
625 3798 653 3870 4
995 3773 1062 3853 ad'

108 3932 142 4006 a)
166 3929 239 3993 Gen.
263 3925 394 3992 xxvtt.
418 3947 468 4001 ar.
