2506 4958
167 156 170 167 .
302 224 453 324 regnum
468 198 780 319 Chriliirrttrrir.
796 225 824 281 c.
841 200 941 282 LXI.
1059 225 1140 299 329
1166 262 1170 277 .

104 387 215 468 quam
234 368 390 444 maxime
406 362 600 442 novillrruis
618 364 684 440 illis
701 365 939 462 tempatione
999 367 1144 463 Quem·

103 479 307 557 admodum
341 494 462 556 autem
491 475 858 555 Thellalonicenlibue
894 479 1024 556 accidit
1041 536 1064 580 ,
1102 498 1144 561 ut

107 592 319 676 crederent,
338 605 434 667 tanta
451 588 519 666 elle
534 591 591 666 lua
613 589 724 676 nrala,
742 594 1062 689 quaepatere'ntur,
1080 596 1144 671 tri.

106 702 310 781 bulationes
332 720 369 778 et
395 702 679 802 persecutiones,
717 722 796 800 quae
825 703 956 778 iustum
985 705 1142 782 iudicem

106 838 257 891 movere
281 812 421 913 possent
437 815 483 889 ad
506 811 778 891 accelerandum
796 831 1003 889 extremum
1020 815 1142 902 iudicii

107 926 228 1011 diem,
260 930 306 1003 ita
335 926 503 1023 deinceps
534 925 750 1010 identidem,
780 948 822 1000 ac
842 924 939 1004 nulla
966 948 1143 1007 nonanta.

107 1050 147 1114 te
181 1040 233 1114 ob
258 1041 481 1137 iniquitatem
517 1053 725 1136 temporum
753 1035 847 1121 luit,
892 1055 932 1113 ut
957 1039 1140 1129 vidimus.
1232 1132 1235 1139 Ι

107 1148 322 1227 huiusmodi
345 1154 382 1224 in
409 1146 559 1226 Eccleiia
590 1148 765 1223 militante
791 1146 1034 1246 exspectatio.
1078 1175 1142 1251 ge-
1231 1144 1238 1161 '

107 1265 291 1340 mentibus
306 1263 356 1335 ob
371 1260 461 1338 mala
481 1260 586 1337 leculi
600 1263 666 1360 piis
684 1261 884 1345 mentibus,
910 1275 947 1338 et
962 1262 1006 1338 ad
1018 1261 1142 1342 Deum

109 1375 280 1452 conversa
309 1370 480 1459 ecclelia,
520 1375 663 1453 civitate
689 1369 795 1459 Dei,
832 1372 922 1451 duur
956 1378 1144 1455 acivitate

105 1498 273 1570 terrena,
304 1509 405 1585 quae,
444 1500 484 1562 ut
511 1508 595 1567 cum
632 1483 668 1561 S.
692 1483 898 1581 Augustino
924 1479 963 1572 a)
989 1486 1143 1587 loquar..

106 1619 187 1673 cum
210 1598 388 1673 domirmri
407 1599 557 1694 oppetit,
587 1593 646 1685 etfi
658 1594 780 1691 pupuli
794 1594 985 1692 seruiunt,
1014 1596 1091 1697 ipsu
1112 1601 1147 1679 ei

105 1709 310 1787 dominandi
328 1705 435 1786 libido
459 1708 692 1792 dominatur,
723 1707 899 1804 premitur
925 1712 1029 1787 variis
1061 1736 1143 1789 mo-

107 1819 190 1907 dis,
218 1836 254 1896 et
274 1819 518 1915 angustiatur3
557 1816 722 1891 solatium
751 1818 881 1914 accipit
900 1834 1020 1895 autem
1048 1823 1144 1901 asuo

105 1933 292 2013 Salvatore
310 1928 397 2009 Luc.
410 1925 559 2007 'XVlll
579 1939 614 2001 6.
642 1926 711 2005 &c
730 1930 1002 2027 comparatione
1020 1934 1145 2011 iudicis

106 2046 218 2121 etiam
234 2043 371 2140 iniqui,
417 2041 467 2116 ob
488 2038 686 2116 molestiam
713 2054 832 2115 tamen
852 2040 970 2116 viduae
1000 2044 1146 2121 tandem

107 2153 319 2233 deferentis:
348 2208 371 2243 „
389 2150 540 2237 Audite,
572 2149 659 2250 quid
686 2150 797 2227 ludex
822 2153 1018 2249 iniquitatis
1040 2155 1144 2235 dicit:

105 2318 132 2362 „
161 2263 262 2343 Deus
281 2282 399 2342 autern
418 2288 492 2341 non
519 2262 622 2339 faciet
642 2261 832 2338 vinditiam
850 2256 1043 2342 eledo'rum
1062 2266 1147 2347 suo·

107 2432 133 2470 „
162 2401 243 2454 rom
256 2376 486 2455 clamantium
501 2375 545 2452 ad
558 2374 591 2451 se
608 2376 666 2450 die
682 2398 723 2451 ac
740 2374 863 2462 noile,
885 2388 922 2452 et
938 2372 1146 2475 patientiam
1239 2382 1242 2387 ’

107 2545 134 2584 ‚‚
164 2488 308 2565 habebit
337 2491 372 2565 in
403 2486 495 2564 illis?
552 2480 650 2567 tneo
672 2488 796 2573 vobis,
827 2490 910 2586 quia
932 2491 1007 2567 cito
1039 2490 1146 2569 faciet

107 2656 134 2696 „
164 2601 353 2678 vinditiam
382 2599 550 2677 illorum:
605 2614 855 2675 verumtamen
888 2595 995 2677 Filius
1023 2600 1146 2679 honri-

107 2768 134 2809 „
164 2714 217 2786 nis
239 2715 406 2797 veniens,
448 2726 579 2810 putas,
624 2711 782 2789 inveniet
805 2706 913 2785 fidem
940 2712 977 2787 in
1003 2715 1146 2805 terra‚,?

108 2822 225 2899 Vides
240 2821 298 2899 hic
311 2838 515 2898 extremum
541 2820 641 2896 orbis
655 2817 793 2904 calum,
823 2845 864 2901 ac
879 2820 1145 2903 funelliffimam

110 2932 330 3013 infidelitatis
372 2934 654 3018 conditionem,
711 2942 795 3009 cum
814 2930 1005 3011 'revelatur
1026 2932 1148 3034 suerit

110 3045 217 3125 homa
237 3048 399 3141 percuti,
428 3042 528 3143 filius
546 3042 788 3140 perditionis:
831 3047 892 3143 qui
914 3045 1145 3142 adversatur,

113 3170 150 3235 et
175 3157 357 3234 extollitur
373 3154 488 3255 supro
515 3178 642 3245 omne,
689 3154 782 3252 quod
805 3155 937 3233 dicitur
972 3156 1077 3236 Deus.
1109 3156 1149 3253 b)

112 3267 235 3367 Quod
257 3267 321 3347 fibi
340 3270 410 3346 iam
432 3286 521 3349 tunc
544 3271 833 3366 imaginabantur
857 3268 1150 3355 Tbellalonicen.

111 3380 193 3467 ses,
237 3383 280 3458 ab
305 3380 469 3481 apostolo
498 3403 576 3457 non
601 3380 645 3457 ad
678 3379 869 3479 petendam
892 3382 1079 3463 vindiciam
1103 3385 1149 3461 dc

111 3492 402 3594 persecutoribus
441 3497 586 3592 (quam
619 3492 683 3569 loli
715 3488 778 3568 fibi
805 3491 908 3570 Deua
939 3496 1147 3577 reservatam

113 3601 184 3683 else
200 3603 333 3681 voluit:
365 3602 468 3683 Milri
481 3604 662 3690 vinditio,
690 3626 752 3700 ego
770 3600 995 3695 retribuum)
1017 3610 1150 3685 anima.

114 3720 171 3805 ti,
211 3714 270 3795 sed
293 3717 337 3795 ad
362 3716 460 3820 spem
489 3715 789 3817 concipiendam:
831 3712 951 3809 nudis,
968 3722 1096 3821 ¹iuquit
1119 3719 1155 3809 c)

622 3823 664 3908 X
698 3849 714 3915 5
1033 3834 1096 3933 qui

160 3932 195 4007 u)
218 3929 279 3994 Lib.
299 3929 320 3992 l.
346 3929 384 3992 de
396 3932 453 3995 cit.
471 3933 527 3997 Dei
541 3952 566 3996 c.
583 3954 609 3995 t.
622 3930 658 3992 Τ.
673 3930 737 3994 Vll.
760 3950 789 4010 p.
804 3949 835 4001 1.

162 4015 197 4093 t>
219 4013 259 4083 n.
283 4012 377 4077 rnen
394 4015 430 4081 n.
451 4034 478 4095 ς.
544 4021 574 4093 ι)
597 4015 640 4081 n.
656 4013 679 4080 1.
703 4022 733 4093 t·
