2506 4958
261 243 413 321 regnum
437 214 569 311 chrisis
589 219 632 297 in
649 221 771 300 terris.
787 242 817 300 c.
838 215 926 302 XX
1027 244 1107 320 ¹49

64 387 169 469 daica
191 384 508 486 praestolabantur,
538 383 676 481 quondo
698 383 769 462 hac
791 395 920 474 erunt,
961 392 997 461 et
1014 386 1109 481 quod

60 498 203 598 sgnum
229 498 401 576 adventur
423 499 499 582 tui,
547 511 583 572 et
619 493 928 597 consummationis
953 495 1104 596 saculi?

64 612 232 695 Christus
254 625 374 689 autem
405 605 676 709 responsionem
706 607 801 688 suam
827 612 875 689 ita
899 622 1102 709 temperat.

63 739 261 824 utramque
293 722 388 799 iliam
420 722 774 800 consummationem
806 719 1104 823 everfiooemqoe

61 840 164 919 urbie
187 851 223 912 et
251 835 350 912 orbis
385 832 495 912 veluti
521 833 818 925 confundendo,
867 848 910 913 ut
943 836 1103 912 incertos

63 972 136 1029 nos
160 969 204 1025 ac
228 944 436 1047 suspensos.
487 960 701 1046 paratosque
735 945 873 1048 semper
904 960 942 1024 et
975 946 1103 1046 vigiles

64 1061 239 1151 detinent.
298 1057 405 1137 Unde
423 1070 496 1133 tam
525 1056 616 1157 saepe
640 1056 803 1137 Christus
827 1057 966 1160 palam.
995 1073 1033 1139 et
1064 1061 1104 1136 in

61 1171 244 1277 parabolis
272 1170 317 1247 ad
350 1168 572 1268 vigilandum
606 1168 793 1256 hortatur,
838 1171 923 1267 uuio
943 1191 1012 1268 uua
1040 1168 1107 1275 bo-

61 1308 110 1365 ru
126 1306 198 1360 non
220 1283 375 1383 putatis,
394 1278 495 1378 fliius
513 1280 667 1357 dominis
693 1292 864 1359 venturus
888 1277 942 1371 eli.
1002 1281 1105 1384 Apo·

62 1397 148 1477 sioii
182 1418 269 1473 nero
291 1394 336 1470 ad
361 1416 476 1471 unum
500 1416 629 1471 omnes
652 1395 689 1471 in
718 1392 788 1471 suis
807 1393 986 1496 epistolis,
1035 1391 1105 1473 eise

61 1511 135 1590 ianr
158 1504 381 1585 noriffimam
398 1505 550 1592 horam,
567 1504 796 1584 denunciant
856 1505 889 1586 A
912 1504 951 1585 S.
965 1504 1104 1585 Ioanne

63 1619 115 1700 sic
136 1620 346 1698 inchoatur:
376 1613 586 1715 Apocalypds
606 1613 685 1716 lesu
705 1614 856 1709 Christi,
887 1641 992 1716 quum
1008 1616 1104 1695 dedit

64 1732 120 1810 issi
139 1728 234 1808 Dens
251 1727 372 1824 pulum
387 1724 511 1825 fucere
531 1725 652 1824 fervis
665 1727 769 1827 suis,
796 1752 871 1827 quae
888 1741 1025 1827 oportet
1034 1729 1103 1823 fte-

63 1846 104 1923 ri
127 1847 221 1934 ciso,·
265 1841 343 1919 sinit
369 1857 489 1919 autem
515 1840 595 1940 post
629 1840 695 1918 alia
719 1844 756 1918 in
785 1841 936 1918 eandem
962 1843 1104 1920 senten·

63 1958 186 2042 tiam,
229 1956 290 2051 qui
323 1951 558 2040 tessimonium
586 1949 746 2048 perhibet
783 1948 950 2042 iliorum:
995 1955 1105 2030 etiam

63 2069 172 2145 venio
188 2070 279 2142 cito:
303 2087 416 2142 umen.
457 2060 567 2140 Veni
585 2062 737 2140 Domine
751 2058 838 2159 lesu.
893 2061 991 2142 Hinc
1014 2062 1104 2145 Chi·

62 2179 170 2258 liasiae
191 2178 242 2255 iili
264 2178 465 2277 primorum
486 2172 645 2253 Ecclrfiae
670 2174 898 2265 seculorum,
943 2179 1008 2278 qui
1030 2179 1105 2278 pri·

63 2315 170 2369 mum
203 2292 344 2368 ruinam
385 2288 483 2367 urbis
518 2285 856 2388 Hierosolymitanae
886 2310 960 2389 prae
987 2287 1103 2367 oculir

64 2402 272 2490 habentes,
315 2399 577 2502 dispersamque
605 2423 671 2501 per
702 2402 828 2478 orbem
865 2416 1013 2501 gentem
1045 2399 1105 2478 lu·

62 2516 240 2603 daicam.
295 2512 465 2614 deinceps
499 2511 761 2609 dissipationem
796 2514 1104 2612 vastationemque

64 2623 226 2707 Romani
259 2628 398 2724 imperii
432 2648 478 2701 ex
504 2625 609 2710 diris,
653 2626 870 2725 quibuscum
901 2623 1004 2704 asnis
1030 2627 1104 2724 pri·

65 2739 222 2818 mordiis
252 2734 445 2813 conflictari
471 2754 664 2834 coeperat,
692 2735 771 2811 fatis
802 2738 943 2812 eminus
967 2736 1105 2835 prospi-

64 2856 229 2936 cientes,
272 2865 379 2949 atque
413 2872 497 2925 cum
531 2847 846 2924 consummatione
879 2847 985 2924 seculi
1013 2870 1105 2924 con-

65 2962 226 3042 iundam
253 2963 348 3047 rati,
398 2983 474 3036 non
509 2973 677 3058 poterant
709 2982 790 3036 non
817 2981 971 3058 regnum
1005 2958 1104 3036 misse

66 3097 251 3154 annorum
273 3071 406 3151 Christi
425 3076 462 3148 in
483 3073 608 3157 terris,
650 3071 752 3172 quod
779 3071 893 3171 Apoc.
917 3067 1011 3148 XX.
1041 3093 1105 3146 cx-

67 3185 249 3292 plicatur,
296 3199 394 3261 retro
424 3183 606 3261 collocare
635 3182 767 3284 procul
797 3183 915 3261 asatis
939 3182 1023 3269 iliis,
1051 3196 1105 3258 at·

69 3323 145 3400 que
167 3313 378 3396 exemptum
403 3296 503 3371 maiis
533 3297 726 3384 omnibus,
769 3295 900 3396 quibus
925 3317 992 3370 nos
1013 3293 1128 3387 inse-¹

68 3411 194 3489 statam
209 3413 342 3508 iugiter
355 3403 544 3485 Ecciefiam
557 3407 769 3485 militantem
779 3411 847 3484 iam
863 3405 961 3482 mille
974 3406 1116 3505 reptio-0

68 3525 191 3622 gentis
212 3539 247 3596 rt
279 3519 371 3598 nitra
398 3523 499 3595 amris
526 3517 786 3618 conspicimus,
834 3541 988 3615 regnum
1016 3514 1104 3595 iliud
1196 3552 1198 3557 >

69 3632 204 3715 Christi
238 3633 411 3708 interris.
473 3630 591 3724 Quod
621 3633 728 3707 etiam
759 3630 920 3711 Christus
948 3652 1104 3728 regnum

71 3745 255 3826 coeiornm
278 3760 384 3819 vocat
404 3746 440 3818 in
465 3741 532 3820 suis
558 3742 754 3842 parabolis,
797 3745 838 3819 in
860 3741 990 3841 quibus
1014 3744 1104 3817 boni

68 3880 158 3939 cum
181 3856 309 3944 masin.
338 3857 580 3933 zizaniorum
603 3852 752 3944 tritico,
789 3854 895 3934 lituae
913 3875 997 3930 cum
1019 3877 1106 3954 pru·

577 4030 614 4114 Κ
644 4053 664 4126 3
883 4033 1051 4113 dentibus
1149 4038 1155 4061 '
