2506 4958
245 232 396 311 regnum
415 202 545 303 Christi
561 208 601 287 in
616 207 737 309 terris.
758 228 787 287 c.
804 202 923 292 XLV.
1038 216 1121 306 ¹81

73 376 199 478 legere
222 375 271 453 est
288 371 385 476 apud
405 370 521 474 ipsum
539 367 728 452 Orixium.
746 366 784 459 a)
804 368 942 474 Negari
967 380 1114 478 nequit,
1183 418 1188 447 t

74 489 239 593 querelas
267 484 388 588 paffirn
414 488 451 561 in
472 506 550 561 eant
569 506 645 560 tem
665 479 767 561 fuiffe
789 483 894 562 iudas
917 494 1115 587 aproceri-

72 603 146 682 bus
166 601 324 700 imperii,
351 596 461 698 ipsam
486 598 593 673 etiam
618 596 656 673 in
686 592 993 696 Capituiationem
1012 602 1114 681 caia

73 738 173 793 ream
199 710 322 790 illatas.
380 707 453 787 Ubi
482 722 604 786 umen
636 706 674 785 id
701 711 993 809 pratereundum
1016 710 1113 794 haud

73 827 148 912 est,
169 822 290 926 quod,
307 844 392 927 cum
411 843 466 897 an.
491 830 607 910 1663.
624 819 670 896 de
685 834 857 923 perpetua
872 822 1027 902 formula
1044 823 1114 915 Ca·

75 937 300 1038 pitulationis
327 932 401 1011 caes.
423 948 611 1030 ageretur,
641 934 748 1009 etiam
766 932 909 1013 insertas
932 935 1007 1014 ilias
1031 936 1115 1017 fuis·

73 1049 111 1129 se
135 1047 395 1148 CapituIationi
412 1043 461 1121 iiii
482 1057 664 1145 perpetua
686 1042 857 1144 querelas.
916 1046 1113 1129 Cuiusmo-

73 1160 113 1237 di
128 1163 192 1237 aiia
210 1158 369 1237 eiusdem
388 1155 664 1256 Capitulationis
681 1157 818 1256 capita,
839 1181 887 1234 ex
904 1158 967 1239 usu
987 1164 1113 1261 potius

74 1296 185 1375 quant
224 1273 371 1347 veritate
394 1273 431 1347 in
450 1265 779 1369 capitulationibus
812 1266 983 1350 hadenus
1012 1268 1114 1354 iuiffe

73 1384 304 1468 conservata,
353 1384 423 1459 iarn
453 1383 497 1457 ab
524 1380 600 1457 aliis
631 1378 712 1457 suot
734 1394 869 1461 nonta.
928 1382 1113 1467 Caeteruru

72 1496 289 1573 violationes
307 1494 409 1573 fatias
427 1489 546 1580 fuiffe,
577 1492 672 1570 haud
698 1492 782 1572 ideo
810 1499 1041 1595 negaverint,
1064 1488 1136 1576 α’

74 1605 260 1707 supposito
288 1610 394 1683 etiam
419 1603 616 1706 aliquando
638 1604 699 1680 iiio
725 1604 842 1693 falso,
871 1607 1055 1707 privilegia
1074 1611 1114 1688 in

74 1720 143 1796 illis
174 1721 354 1797 contineri
384 1715 584 1815 pontificia.
640 1714 730 1793 Non
764 1718 811 1794 ita
843 1715 964 1795 multo
989 1735 1112 1798 tamen
1171 1742 1174 1747 ·

75 1833 160 1932 post
183 1829 414 1908 Concordata
431 1829 515 1902 inita
535 1824 700 1904 Calixtus
723 1823 784 1902 111.
827 1849 884 1902 au.
912 1849 1027 1923 1457.
1065 1830 1112 1909 ad

75 1941 296 2022 Fridericunr
320 1938 380 2017 ΙΙΙ.
410 1934 676 2015 excusationem
702 1937 830 2024 affert,
860 1960 940 2038 quae
962 1939 1001 2016 in
1019 1943 1139 2018 eius·'

75 2054 225 2131 cernodi
249 2049 382 2129 casibus
406 2050 575 2148 deinceps
594 2050 716 2149 potuit
732 2047 864 2128 habere
884 2049 980 2127 haud
1004 2051 1112 2131 infre-

77 2180 232 2265 quenter
268 2164 411 2241 locum:
455 2158 587 2252 „Non
611 2159 751 2248 sumus,
790 2158 997 2264 (inquit.)
1035 2186 1112 2243 ure·

75 2334 99 2371 ,‚
132 2300 249 2352 mores
267 2274 401 2375 aliquid
420 2274 560 2351 anobis
582 2270 789 2352 conceffuur
808 2290 935 2385 contra¹
945 2273 1114 2371 Concor·

75 2446 99 2482 ‚‚
131 2389 208 2464 duta
237 2386 410 2489 praeditia.
471 2382 614 2479 Quodn
634 2385 721 2486 quid
736 2384 804 2463 tale
818 2384 949 2464 fanum
966 2386 1041 2475 est,
1071 2402 1113 2468 ut

75 2557 99 2593 „
132 2501 218 2600 saepe
237 2504 272 2575 in
305 2497 536 2577 multitudine
573 2496 771 2575 iitterarum
791 2520 834 2574 ac
870 2499 1113 2596 negotiorum

75 2669 99 2706 ,‚
118 2614 246 2712 '‘atiqua
267 2626 456 2687 transeunt
477 2632 594 2709 neque
612 2611 702 2686 bene
724 2607 850 2707 gesta,
882 2632 1001 2710 neque
1020 2614 1113 2689 revi-

75 2780 99 2816 ‚‚
132 2727 187 2809 ia.
221 2746 296 2798 non
318 2722 366 2799 est
385 2722 596 2797 intentionis
616 2722 765 2806 nostra,
796 2719 1038 2811 Concordatis
1057 2726 1111 2823 ip·-

75 2891 100 2928 ‚‚
130 2834 170 2908 fis
189 2828 438 2909 contravenire
462 2887 494 2922 „.
553 2829 655 2908 Nihil
681 2854 770 2908 uero
798 2830 994 2930 procliuius
1023 2833 1108 2925 fuit,

76 2971 187 3046 quant
208 2970 227 3021 a
243 2944 389 3021 Nuntiis
405 2941 611 3043 apostolicis
627 2967 690 3044 per
707 2945 874 3041 regiones
891 2942 1112 3046 longinquas

78 3056 238 3158 dispersu
262 3058 365 3131 uariis
387 3055 513 3131 excedi
543 3053 686 3142 niudis,
716 3078 758 3133 ac
778 3053 1024 3156 usurpationes
1051 3055 1113 3137 fie-

77 3173 119 3245 ri.
179 3169 286 3246 Unde
306 3181 362 3244 tot
379 3182 508 3245 contra
521 3190 582 3244 eos
602 3190 679 3244 noo
700 3190 836 3269 paucos
853 3167 1009 3248 aiecuiis
1024 3194 1113 3271 que·

81 3280 162 3358 reiae
185 3282 319 3359 acerbae
347 3279 440 3356 haud
465 3301 546 3354 raro
572 3300 617 3354 ac
634 3282 940 3369 comminatoria.
982 3295 1024 3360 ut
1044 3304 1111 3362 uec

83 3395 188 3468 urinis
208 3409 347 3469 tuntum
373 3394 408 3467 in
439 3412 502 3467 eos
531 3414 585 3466 res
613 3390 745 3468 steterit
778 3389 918 3469 uiolata
947 3392 1042 3472 inter
1064 3394 1113 3473 ia-

83 3503 285 3579 cendotium
326 3519 363 3579 et
399 3506 594 3601 imperium
632 3501 838 3579 concordia
873 3507 1110 3604 temporibus.

79 3612 130 3694 Ea
149 3613 344 3691 hodiedum
369 3616 510 3700 munia,
548 3617 651 3690 novis
671 3614 845 3715 exemplis
878 3616 922 3691 ad
949 3617 1114 3716 posteros

81 3723 309 3814 transuiissis,
327 3725 439 3829 pieriis
462 3728 583 3805 buccis
615 3728 652 3802 io
672 3729 833 3829 apricum
861 3725 1030 3819 uonna.
1075 3732 1112 3809 in

579 3850 621 3931 M
652 3873 673 3943 3
886 3852 1056 3937 iuvidiam

126 4012 163 4089 a)
184 4006 368 4071 Concordata
386 4019 444 4071 nat
470 3962 568 4072 cerro
590 3976 704 4087 integra
723 4008 800 4076 itt
823 4027 852 4090 p.
868 4027 917 4090 ις.
936 4011 992 4076 &o
