2512 4620
160 162 338 321 „W
359 219 489 318 epp,-
506 224 546 300 n
563 196 682 307 teins.
699 246 728 303 a.
750 196 972 309 xxxma.
1032 242 1112 327 aas

74 383 461 473 matorzelosrffimus,
483 410 524 464 ac
543 400 705 494 cerneret
721 389 841 464 omnia
860 389 1129 492 susquedeque'

71 503 188 586 verti,
219 498 448 599 tribunalque
472 494 631 575 Ecclesia
652 497 745 578 eludi
766 516 875 599 atque
896 503 1106 594 censuram.

73 613 193 711 magis
212 609 396 710 magisque
426 609 582 688 diremto
610 608 694 687 soro
732 629 884 688 externo
915 628 952 689 et
997 615 1109 691 inter·

71 749 125 803 no
175 724 430 821 poenitentia,
475 723 559 809 cui,
603 721 811 822 anplrffima
845 722 1030 803 aCbrislo
1067 728 1108 807 io

73 834 252 937 apostolis
288 830 404 909 relida
428 829 588 910 Ecclesiae
617 833 772 911 clavium
811 832 1043 936 solvendique
1064 861 1108 917 ac

70 943 209 1048 ligandi
231 945 423 1044 potestate,
455 938 583 1043 singuli
610 943 729 1022 fideles
748 947 996 1047 cuiuscunque
1017 972 1108 1027 con-

75 1060 226 1138 ditionis
265 1080 307 1133 ac
348 1058 453 1134 slatus
477 1053 608 1134 essent
648 1050 804 1135 obnoxii
847 1080 889 1135 rc
924 1059 1106 1152 obstridi.

74 1188 117 1252 ut
130 1194 205 1247 non
219 1159 323 1245 semel
336 1171 370 1243 in
388 1165 456 1244 suis
469 1161 627 1268 epistolis
641 1160 1030 1272 loquiturGregorius:
1041 1195 1105 1250 ne·

75 1287 287 1381 utinamque
311 1274 397 1383 esse,
428 1281 490 1378 qui
514 1303 589 1356 non
609 1280 659 1357 ob
677 1296 864 1381 peccatum
880 1275 1019 1361 iudicio
1037 1280 1107 1363 Ec·

75 1393 187 1473 cleliae
203 1416 245 1470 ac
262 1390 416 1469 censurae
429 1390 552 1469 subiici
569 1385 735 1480 deberet,
757 1391 822 1471 suo
836 1388 869 1468 se
885 1397 1024 1471 moneri
1042 1395 1107 1475 de.

74 1504 146 1585 esse
163 1504 229 1581 sibi
246 1502 454 1590 videbatur,
482 1498 546 1578 nifi
564 1502 761 1604 depravatis
775 1500 1033 1608 desperatisque
1050 1530 1106 1586 re·

74 1619 143 1696 bus
167 1620 269 1693 omni
287 1613 320 1691 se
340 1613 416 1691 nisu
441 1617 699 1714 imperterritus
717 1630 934 1716 opponeret.
994 1615 1105 1700 Etlic
1153 1616 1160 1629 ‘
1229 1638 1241 1715 Q

75 1734 217 1808 rarione
243 1729 378 1826 peccati
398 1725 461 1803 libi
485 1730 521 1802 in
541 1729 701 1805 animum
733 1725 900 1813 induxit,
931 1725 1104 1832 siquidem

75 1868 95 1920 a
116 1841 201 1921 Deo
227 1835 388 1919 Ecclesrae
411 1833 489 1914 data
510 1834 552 1914 sit
582 1839 732 1936 poteslas
750 1836 929 1915 iudicandi
944 1839 1106 1937 spiritua·

76 1947 142 2039 lia,
175 1976 240 2030 cor
263 1973 339 2027 oon
358 1966 393 2026 et
417 1949 652 2051 temporalia,
680 1946 825 2051 quando
842 1943 892 2026 ‚in
921 1948 988 2025 illis
1008 1949 1105 2028 chri.

78 2067 178 2143 iliani
201 2063 245 2141 ab
264 2058 387 2139 officio
410 2063 508 2138 iuxta
533 2058 631 2160 leges
660 2076 897 2162 normamque
925 2063 1105 2162 evangeli.

76 2200 156 2256 cam
181 2199 222 2253 ac
239 2170 397 2252 Eccleliae
413 2171 631 2260 sandiones,
668 2175 729 2253 cui
751 2196 852 2274 aeque
870 2194 998 2251 omnes
1021 2174 1103 2253 sub-

77 2287 212 2374 essent,
254 2284 507 2361 desciscerent:
540 2278 694 2361 maxime
725 2301 844 2362 autem
873 2282 1105 2386 fipertinaci·

77 2418 133 2478 rer
168 2394 326 2476 Eccrefiae
358 2393 597 2471 obedientiam
630 2397 863 2473 detredlarent
888 2413 951 2474 aut
995 2423 1104 2477 enor.

77 2515 207 2596 miter,
236 2507 391 2586 censuris
408 2502 641 2585 ecclesiasticis
664 2506 873 2593 coercendi,
897 2533 936 2586 ea
954 2532 1104 2589 excom·

76 2623 310 2699 muniationis
339 2612 444 2714 lege,
491 2634 531 2696 ut
558 2640 640 2694 curn
673 2621 993 2696 excommunicatis
1023 2622 1106 2699 nul·

73 2735 216 2810 latenas
243 2732 512 2839 communicare
528 2729 649 2805 liceret
680 2728 862 2807 fidelibus:
901 2745 1008 2830 arque
1032 2733 1101 2822 illi,

75 2848 143 2946 qui
175 2857 405 2920 contumaces
444 2864 485 2918 ac
523 2839 669 2916 rebelles
707 2862 779 2940 per·
802 2864 936 2917 annum
967 2845 1003 2917 in
1040 2866 1105 2919 ex·

75 2955 411 3033 communicatione
429 2949 737 3041 obsordescerent,
770 2974 833 3052 per
867 2950 964 3049 leges
995 2957 1103 3030 eriam

76 3067 250 3168 palatinas
270 3072 392 3162 (tanta
410 3079 483 3142 erat
500 3065 593 3164 apud
615 3063 720 3140 laicos
736 3060 919 3164 religionis
939 3087 1104 3144 reveren·
1200 3114 1205 3133 ι

77 3174 177 3266 tia,)
202 3179 354 3255 civiliter
368 3180 503 3255 mortni
519 3173 756 3254 censerentur.

165 3382 275 3464 Erant
296 3409 407 3488 porro
432 3399 521 3464 runc
560 3376 787 3486 opiniones,
835 3406 922 3487 quas
940 3377 1108 3491 adeoque

78 3504 297 3581 innocenter
325 3499 464 3575 secutus
487 3498 535 3574 est
553 3496 740 3597 pontifex,
769 3501 865 3599 apud
894 3522 1020 3576 omnes
1040 3522 1104 3579 ex·

76 3628 133 3691 tra
157 3608 436 3688 controversiam
461 3607 599 3709 posrrae,
638 3604 748 3685 veluti
771 3613 876 3687 etiam
908 3598 1124 3691 decretales'

75 3725 205 3824 spuriae
226 3726 402 3798 anemlne
423 3724 458 3797 in
488 3714 639 3798 dubium
668 3744 713 3797 eo
732 3733 896 3822 tempore
914 3740 1013 3800 erant
1040 3746 1104 3802 vor

77 3850 177 3913 catae.
238 3833 333 3927 Qnae
361 3853 446 3911 vero
481 3837 659 3932 praeclpue
681 3825 789 3911 obiici
827 3834 1011 3933 Gregorio
1037 3856 1106 3937 po·

76 3947 148 4026 test
176 3944 352 4050 depositio
376 3942 523 4025 Henrici
541 3942 612 4133 ἓν.
643 3967 683 4024 ea
704 3958 806 4024 antea
840 3949 909 4026 lam
939 3950 1105 4045 aprinci-¹

605 4070 629 4138 ἢ
943 4058 1049 4163 pibus
