<?xml version="1.0" encoding="UTF-8"?>
<!DOCTYPE html PUBLIC "-//W3C//DTD XHTML 1.0 Transitional//EN"
    "http://www.w3.org/TR/xhtml1/DTD/xhtml1-transitional.dtd">
<html xmlns="http://www.w3.org/1999/xhtml" xml:lang="en" lang="en">
 <head>
  <title>
</title>
<meta http-equiv="Content-Type" content="text/html;charset=utf-8" />
  <meta name='ocr-system' content='tesseract 3.04.00' />
  <meta name='ocr-capabilities' content='ocr_page ocr_carea ocr_par ocr_line ocrx_word'/>
</head>
<body>
  <div class='ocr_page' id='page_1' title='image "./ecclesiamilitan01gerbgoog_0396.png"; bbox 0 0 2506 4958; ppageno 0'>
   <div class='ocr_carea' id='block_1_1' title="bbox 317 220 1159 327">
    <p class='ocr_par' dir='ltr' id='par_1_1' title="bbox 317 172 1159 327">
     <span class='ocr_line' id='line_1_1' title="bbox 317 220 1159 327; baseline 0 -23"><span class='ocrx_word' id='word_1_1' title='bbox 317 250 471 325; x_wconf 80' lang='lat' dir='ltr'><strong>regnum</strong></span> <span class='ocrx_word' id='word_1_2' title='bbox 494 225 624 323; x_wconf 68' lang='lat' dir='ltr'><strong>Christi</strong></span> <span class='ocrx_word' id='word_1_3' title='bbox 642 228 816 305; x_wconf 80' lang='lat' dir='ltr'><strong>interris</strong></span> <span class='ocrx_word' id='word_1_4' title='bbox 836 249 864 303; x_wconf 86' lang='lat' dir='ltr'><strong>c.</strong></span> <span class='ocrx_word' id='word_1_5' title='bbox 883 220 964 305; x_wconf 83' lang='lat' dir='ltr'><strong>XL.</strong></span> <span class='ocrx_word' id='word_1_6' title='bbox 1138 254 1159 327; x_wconf 84' lang='lat'><em>3</em></span> 
     </span>
    </p>
   </div>
   <div class='ocr_carea' id='block_1_2' title="bbox 86 388 1222 2395">
    <p class='ocr_par' dir='ltr' id='par_1_2' title="bbox 86 388 1222 2395">
     <span class='ocr_line' id='line_1_2' title="bbox 86 388 1154 493; baseline -0.004 -18"><span class='ocrx_word' id='word_1_7' title='bbox 86 412 205 475; x_wconf 88' lang='lat' dir='ltr'><strong>.-tuuc</strong></span> <span class='ocrx_word' id='word_1_8' title='bbox 229 388 418 468; x_wconf 82' lang='lat' dir='ltr'><strong>neceffaria</strong></span> <span class='ocrx_word' id='word_1_9' title='bbox 449 390 691 493; x_wconf 75' lang='lat' dir='ltr'><strong>undequaque</strong></span> <span class='ocrx_word' id='word_1_10' title='bbox 725 389 941 467; x_wconf 91' lang='lat' dir='ltr'><strong>conditione</strong></span> <span class='ocrx_word' id='word_1_11' title='bbox 976 413 1053 467; x_wconf 89' lang='lat' dir='ltr'><strong>can.</strong></span> <span class='ocrx_word' id='word_1_12' title='bbox 1088 413 1154 483; x_wconf 87' lang='lat'><strong>42.</strong></span> 
     </span>
     <span class='ocr_line' id='line_1_3' title="bbox 111 501 1156 609; baseline -0.001 -26"><span class='ocrx_word' id='word_1_13' title='bbox 111 504 253 583; x_wconf 83' lang='lat' dir='ltr'><strong>addita:</strong></span> <span class='ocrx_word' id='word_1_14' title='bbox 282 559 305 593; x_wconf 85' lang='lat'><strong>„</strong></span> <span class='ocrx_word' id='word_1_15' title='bbox 322 501 411 580; x_wconf 83' lang='lat' dir='ltr'><strong>ficut</strong></span> <span class='ocrx_word' id='word_1_16' title='bbox 439 501 633 609; x_wconf 80' lang='lat' dir='ltr'><strong>volumus,</strong></span> <span class='ocrx_word' id='word_1_17' title='bbox 665 517 706 581; x_wconf 90' lang='lat' dir='ltr'><strong>ut</strong></span> <span class='ocrx_word' id='word_1_18' title='bbox 733 504 810 579; x_wconf 86' lang='lat' dir='ltr'><strong>iura</strong></span> <span class='ocrx_word' id='word_1_19' title='bbox 836 501 1055 580; x_wconf 85' lang='lat' dir='ltr'><strong>clericorum</strong></span> <span class='ocrx_word' id='word_1_20' title='bbox 1073 528 1156 582; x_wconf 89' lang='lat' dir='ltr'><strong>non</strong></span> 
     </span>
     <span class='ocr_line' id='line_1_4' title="bbox 110 613 1156 719; baseline -0.002 -24"><span class='ocrx_word' id='word_1_21' title='bbox 110 672 133 711; x_wconf 87' lang='lat'><strong>„</strong></span> <span class='ocrx_word' id='word_1_22' title='bbox 163 616 336 714; x_wconf 84' lang='lat' dir='ltr'>usurpent</span> <span class='ocrx_word' id='word_1_23' title='bbox 355 614 454 699; x_wconf 84' lang='lat' dir='ltr'><strong>laici,</strong></span> <span class='ocrx_word' id='word_1_24' title='bbox 486 617 532 690; x_wconf 92' lang='lat' dir='ltr'><strong>ita</strong></span> <span class='ocrx_word' id='word_1_25' title='bbox 555 614 642 690; x_wconf 86' lang='lat' dir='ltr'><strong>velie</strong></span> <span class='ocrx_word' id='word_1_26' title='bbox 665 615 858 699; x_wconf 87' lang='lat' dir='ltr'><strong>debemus,</strong></span> <span class='ocrx_word' id='word_1_27' title='bbox 890 637 936 690; x_wconf 92' lang='lat' dir='ltr'><strong>ne</strong></span> <span class='ocrx_word' id='word_1_28' title='bbox 959 613 1080 719; x_wconf 85' lang='lat' dir='ltr'><strong>clerici</strong></span> <span class='ocrx_word' id='word_1_29' title='bbox 1099 620 1156 694; x_wconf 90' lang='lat' dir='ltr'><strong>iu·</strong></span> 
     </span>
     <span class='ocr_line' id='line_1_5' title="bbox 109 724 1153 821; baseline 0.001 -17"><span class='ocrx_word' id='word_1_30' title='bbox 109 784 132 821; x_wconf 84' lang='lat'><strong>„</strong></span> <span class='ocrx_word' id='word_1_31' title='bbox 161 752 205 804; x_wconf 86' lang='lat' dir='ltr'><strong>ra.</strong></span> <span class='ocrx_word' id='word_1_32' title='bbox 222 727 284 804; x_wconf 88' lang='lat' dir='ltr'><strong>srbi</strong></span> <span class='ocrx_word' id='word_1_33' title='bbox 309 729 501 803; x_wconf 87' lang='lat' dir='ltr'>vendicent</span> <span class='ocrx_word' id='word_1_34' title='bbox 523 726 712 805; x_wconf 85' lang='lat' dir='ltr'><strong>laicorum.</strong></span> <span class='ocrx_word' id='word_1_35' title='bbox 771 724 958 821; x_wconf 84' lang='lat' dir='ltr'><strong>Quocirca</strong></span> <span class='ocrx_word' id='word_1_36' title='bbox 983 725 1153 805; x_wconf 83' lang='lat' dir='ltr'><strong>universrs</strong></span> 
     </span>
     <span class='ocr_line' id='line_1_6' title="bbox 109 837 1152 938; baseline -0.001 -20"><span class='ocrx_word' id='word_1_37' title='bbox 109 839 298 933; x_wconf 86' lang='lat' dir='ltr'><strong>„clericis</strong></span> <span class='ocrx_word' id='word_1_38' title='bbox 328 839 603 923; x_wconf 86' lang='lat' dir='ltr'><strong>interdicimus,</strong></span> <span class='ocrx_word' id='word_1_39' title='bbox 635 863 680 914; x_wconf 92' lang='lat' dir='ltr'><strong>ne</strong></span> <span class='ocrx_word' id='word_1_40' title='bbox 709 839 789 938; x_wconf 89' lang='lat' dir='ltr'><strong>quis</strong></span> <span class='ocrx_word' id='word_1_41' title='bbox 818 837 916 914; x_wconf 85' lang='lat' dir='ltr'><strong>suum</strong></span> <span class='ocrx_word' id='word_1_42' title='bbox 936 839 1152 917; x_wconf 79' lang='lat' dir='ltr'><strong>iurisdidiio-</strong></span> 
     </span>
     <span class='ocr_line' id='line_1_7' title="bbox 111 949 1149 1050; baseline 0.002 -23"><span class='ocrx_word' id='word_1_43' title='bbox 111 1008 134 1045; x_wconf 84' lang='lat'>„</span> <span class='ocrx_word' id='word_1_44' title='bbox 163 976 248 1028; x_wconf 86' lang='lat' dir='ltr'><strong>nem</strong></span> <span class='ocrx_word' id='word_1_45' title='bbox 275 950 446 1028; x_wconf 83' lang='lat' dir='ltr'><strong>extendat</strong></span> <span class='ocrx_word' id='word_1_46' title='bbox 469 953 506 1026; x_wconf 91' lang='lat' dir='ltr'><strong>in</strong></span> <span class='ocrx_word' id='word_1_47' title='bbox 532 951 777 1050; x_wconf 78' lang='lat' dir='ltr'><strong>praeiudicium</strong></span> <span class='ocrx_word' id='word_1_48' title='bbox 803 949 942 1027; x_wconf 86' lang='lat' dir='ltr'><strong>iustitiae</strong></span> <span class='ocrx_word' id='word_1_49' title='bbox 963 951 1149 1042; x_wconf 86' lang='lat' dir='ltr'><strong>secularis,</strong></span> 
     </span>
     <span class='ocr_line' id='line_1_8' title="bbox 110 1061 1222 1163; baseline 0.001 -24"><span class='ocrx_word' id='word_1_50' title='bbox 110 1120 134 1158; x_wconf 87' lang='lat'><strong>,‚</strong></span> <span class='ocrx_word' id='word_1_51' title='bbox 163 1063 223 1141; x_wconf 87' lang='lat' dir='ltr'><strong>sed</strong></span> <span class='ocrx_word' id='word_1_52' title='bbox 252 1078 448 1141; x_wconf 89' lang='lat' dir='ltr'><strong>contentus</strong></span> <span class='ocrx_word' id='word_1_53' title='bbox 477 1062 601 1140; x_wconf 83' lang='lat' dir='ltr'><strong>existat</strong></span> <span class='ocrx_word' id='word_1_54' title='bbox 629 1062 952 1141; x_wconf 82' lang='lat' dir='ltr'><strong>constitutionibus</strong></span> <span class='ocrx_word' id='word_1_55' title='bbox 982 1061 1148 1163; x_wconf 86' lang='lat' dir='ltr'><strong>scriptis,</strong></span> <span class='ocrx_word' id='word_1_56' title='bbox 1210 1132 1222 1147; x_wconf 71' lang='grc'>,</span> 
     </span>
     <span class='ocr_line' id='line_1_9' title="bbox 109 1173 1149 1277; baseline 0 -24"><span class='ocrx_word' id='word_1_57' title='bbox 109 1232 135 1269; x_wconf 86' lang='lat'>„</span> <span class='ocrx_word' id='word_1_58' title='bbox 162 1190 200 1253; x_wconf 91' lang='lat' dir='ltr'><strong>et</strong></span> <span class='ocrx_word' id='word_1_59' title='bbox 220 1175 543 1253; x_wconf 84' lang='lat' dir='ltr'><strong>consuetudinibus</strong></span> <span class='ocrx_word' id='word_1_60' title='bbox 556 1173 727 1251; x_wconf 72' lang='lat' dir='ltr'><strong>hedenus</strong></span> <span class='ocrx_word' id='word_1_61' title='bbox 745 1176 979 1274; x_wconf 88' lang='lat' dir='ltr'><strong>approbatis,</strong></span> <span class='ocrx_word' id='word_1_62' title='bbox 1013 1196 1052 1253; x_wconf 92' lang='lat' dir='ltr'><strong>ut</strong></span> <span class='ocrx_word' id='word_1_63' title='bbox 1068 1201 1149 1277; x_wconf 82' lang='lat' dir='ltr'><strong>quae</strong></span> 
     </span>
     <span class='ocr_line' id='line_1_10' title="bbox 112 1282 1146 1389; baseline 0.003 -25"><span class='ocrx_word' id='word_1_64' title='bbox 112 1343 136 1380; x_wconf 87' lang='lat'>„</span> <span class='ocrx_word' id='word_1_65' title='bbox 164 1287 247 1365; x_wconf 84' lang='lat' dir='ltr'><strong>sunt</strong></span> <span class='ocrx_word' id='word_1_66' title='bbox 263 1288 418 1374; x_wconf 80' lang='lat' dir='ltr'><strong>caesaris,</strong></span> <span class='ocrx_word' id='word_1_67' title='bbox 437 1287 576 1374; x_wconf 82' lang='lat' dir='ltr'><strong>cassari,</strong></span> <span class='ocrx_word' id='word_1_68' title='bbox 598 1302 635 1365; x_wconf 84' lang='lat' dir='ltr'><strong>et</strong></span> <span class='ocrx_word' id='word_1_69' title='bbox 651 1311 730 1389; x_wconf 82' lang='lat' dir='ltr'><strong>quae</strong></span> <span class='ocrx_word' id='word_1_70' title='bbox 743 1285 824 1365; x_wconf 85' lang='lat' dir='ltr'><strong>sunt</strong></span> <span class='ocrx_word' id='word_1_71' title='bbox 836 1282 933 1375; x_wconf 88' lang='lat' dir='ltr'><strong>Dei,</strong></span> <span class='ocrx_word' id='word_1_72' title='bbox 952 1284 1038 1365; x_wconf 88' lang='lat' dir='ltr'><strong>Deo</strong></span> <span class='ocrx_word' id='word_1_73' title='bbox 1054 1289 1146 1367; x_wconf 70' lang='lat' dir='ltr'><strong>reita</strong></span> 
     </span>
     <span class='ocr_line' id='line_1_11' title="bbox 111 1398 1151 1493; baseline 0.003 -17"><span class='ocrx_word' id='word_1_74' title='bbox 111 1456 135 1493; x_wconf 85' lang='lat'>„</span> <span class='ocrx_word' id='word_1_75' title='bbox 165 1400 418 1478; x_wconf 89' lang='lat' dir='ltr'><strong>distributione</strong></span> <span class='ocrx_word' id='word_1_76' title='bbox 442 1399 638 1477; x_wconf 85' lang='lat' dir='ltr'><strong>reddantur</strong></span> <span class='ocrx_word' id='word_1_77' title='bbox 661 1456 695 1493; x_wconf 88' lang='lat'><strong>„.</strong></span> <span class='ocrx_word' id='word_1_78' title='bbox 732 1398 869 1477; x_wconf 89' lang='lat' dir='ltr'><strong>lterum</strong></span> <span class='ocrx_word' id='word_1_79' title='bbox 889 1398 1089 1477; x_wconf 72' lang='lat' dir='ltr'><strong>fridericus</strong></span> <span class='ocrx_word' id='word_1_80' title='bbox 1102 1399 1151 1479; x_wconf 72' lang='lat' dir='ltr'><strong>li.</strong></span> 
     </span>
     <span class='ocr_line' id='line_1_12' title="bbox 105 1508 1150 1615; baseline 0 -26"><span class='ocrx_word' id='word_1_81' title='bbox 105 1516 239 1613; x_wconf 87' lang='lat' dir='ltr'><strong>imper.</strong></span> <span class='ocrx_word' id='word_1_82' title='bbox 259 1537 313 1588; x_wconf 92' lang='lat' dir='ltr'><strong>an.</strong></span> <span class='ocrx_word' id='word_1_83' title='bbox 341 1533 458 1589; x_wconf 82' lang='lat'>1220.</span> <span class='ocrx_word' id='word_1_84' title='bbox 487 1514 530 1590; x_wconf 87' lang='lat' dir='ltr'><strong>ab</strong></span> <span class='ocrx_word' id='word_1_85' title='bbox 551 1510 725 1591; x_wconf 85' lang='lat' dir='ltr'><strong>Honorio</strong></span> <span class='ocrx_word' id='word_1_86' title='bbox 752 1510 813 1589; x_wconf 84' lang='grc' dir='ltr'><strong>ΙΙΙ.</strong></span> <span class='ocrx_word' id='word_1_87' title='bbox 846 1508 973 1589; x_wconf 80' lang='lat' dir='ltr'><strong>Romae</strong></span> <span class='ocrx_word' id='word_1_88' title='bbox 993 1536 1150 1615; x_wconf 88' lang='lat' dir='ltr'><strong>corona·</strong></span> 
     </span>
     <span class='ocr_line' id='line_1_13' title="bbox 106 1620 1150 1726; baseline -0.001 -22"><span class='ocrx_word' id='word_1_89' title='bbox 106 1620 175 1704; x_wconf 84' lang='lat' dir='ltr'><strong>tus</strong></span> <span class='ocrx_word' id='word_1_90' title='bbox 195 1625 493 1702; x_wconf 89' lang='lat' dir='ltr'><strong>constitutionem</strong></span> <span class='ocrx_word' id='word_1_91' title='bbox 518 1625 655 1710; x_wconf 86' lang='lat' dir='ltr'><strong>edidit,</strong></span> <span class='ocrx_word' id='word_1_92' title='bbox 685 1648 756 1726; x_wconf 89' lang='lat' dir='ltr'><strong>qua</strong></span> <span class='ocrx_word' id='word_1_93' title='bbox 772 1626 887 1700; x_wconf 83' lang='lat' dir='ltr'><strong>irritat</strong></span> <span class='ocrx_word' id='word_1_94' title='bbox 908 1624 1035 1701; x_wconf 83' lang='lat' dir='ltr'><strong>statuta</strong></span> <span class='ocrx_word' id='word_1_95' title='bbox 1052 1650 1150 1726; x_wconf 84' lang='lat' dir='ltr'><strong>quae-</strong></span> 
     </span>
     <span class='ocr_line' id='line_1_14' title="bbox 108 1734 1145 1837; baseline 0.003 -25"><span class='ocrx_word' id='word_1_96' title='bbox 108 1740 163 1814; x_wconf 82' lang='lat' dir='ltr'><strong>vis</strong></span> <span class='ocrx_word' id='word_1_97' title='bbox 191 1737 412 1813; x_wconf 84' lang='lat' dir='ltr'><strong>libertatibus</strong></span> <span class='ocrx_word' id='word_1_98' title='bbox 439 1734 599 1814; x_wconf 82' lang='lat' dir='ltr'><strong>Ecclefiae</strong></span> <span class='ocrx_word' id='word_1_99' title='bbox 624 1739 828 1821; x_wconf 88' lang='lat' dir='ltr'><strong>contraria,</strong></span> <span class='ocrx_word' id='word_1_100' title='bbox 862 1750 901 1811; x_wconf 94' lang='lat' dir='ltr'><strong>ut</strong></span> <span class='ocrx_word' id='word_1_101' title='bbox 922 1734 1078 1837; x_wconf 85' lang='lat' dir='ltr'><strong>¹habetur</strong></span> <span class='ocrx_word' id='word_1_102' title='bbox 1100 1737 1145 1817; x_wconf 89' lang='lat' dir='ltr'><strong>C.</strong></span> 
     </span>
     <span class='ocr_line' id='line_1_15' title="bbox 110 1842 1148 1945; baseline -0.007 -16"><span class='ocrx_word' id='word_1_103' title='bbox 110 1848 173 1929; x_wconf 89' lang='lat' dir='ltr'><strong>De</strong></span> <span class='ocrx_word' id='word_1_104' title='bbox 189 1848 248 1927; x_wconf 87' lang='lat' dir='ltr'><strong>SS.</strong></span> <span class='ocrx_word' id='word_1_105' title='bbox 265 1846 417 1925; x_wconf 77' lang='lat' dir='ltr'><strong>ecclesiis</strong></span> <span class='ocrx_word' id='word_1_106' title='bbox 432 1848 452 1921; x_wconf 90' lang='lat' dir='ltr'><strong>l.</strong></span> <span class='ocrx_word' id='word_1_107' title='bbox 476 1866 536 1922; x_wconf 85' lang='lat'><strong>12.</strong></span> <span class='ocrx_word' id='word_1_108' title='bbox 561 1842 659 1945; x_wconf 78' lang='lat' dir='ltr'><strong>Cufflr</strong></span> <span class='ocrx_word' id='word_1_109' title='bbox 676 1858 712 1921; x_wconf 81' lang='lat' dir='ltr'><strong>rt</strong></span> <span class='ocrx_word' id='word_1_110' title='bbox 726 1848 849 1921; x_wconf 78' lang='lat' dir='ltr'><strong>irrito.</strong></span> <span class='ocrx_word' id='word_1_111' title='bbox 895 1844 983 1921; x_wconf 91' lang='lat' dir='ltr'><strong>Non</strong></span> <span class='ocrx_word' id='word_1_112' title='bbox 997 1847 1060 1924; x_wconf 92' lang='lat' dir='ltr'><strong>diu</strong></span> <span class='ocrx_word' id='word_1_113' title='bbox 1078 1847 1148 1923; x_wconf 87' lang='lat' dir='ltr'><strong>set-</strong></span> 
     </span>
     <span class='ocr_line' id='line_1_16' title="bbox 110 1956 1147 2060; baseline -0.003 -22"><span class='ocrx_word' id='word_1_114' title='bbox 110 1966 206 2038; x_wconf 82' lang='lat' dir='ltr'><strong>ravit</strong></span> <span class='ocrx_word' id='word_1_115' title='bbox 227 1962 323 2060; x_wconf 75' lang='lat' dir='ltr'><strong>padio</strong></span> <span class='ocrx_word' id='word_1_116' title='bbox 352 1958 574 2043; x_wconf 75' lang='lat' dir='ltr'><strong>Fride&#39;ricus,</strong></span> <span class='ocrx_word' id='word_1_117' title='bbox 613 1980 703 2034; x_wconf 79' lang='lat' dir='ltr'><strong>mox</strong></span> <span class='ocrx_word' id='word_1_118' title='bbox 728 1958 846 2035; x_wconf 87' lang='lat' dir='ltr'><strong>altero</strong></span> <span class='ocrx_word' id='word_1_119' title='bbox 871 1966 972 2033; x_wconf 82' lang='lat' dir='ltr'><strong>anuo</strong></span> <span class='ocrx_word' id='word_1_120' title='bbox 1002 1959 1046 2035; x_wconf 86' lang='lat' dir='ltr'><strong>ab</strong></span> <span class='ocrx_word' id='word_1_121' title='bbox 1067 1956 1147 2035; x_wconf 85' lang='lat' dir='ltr'><strong>Ho-</strong></span> 
     </span>
     <span class='ocr_line' id='line_1_17' title="bbox 108 2066 1147 2173; baseline -0.004 -22"><span class='ocrx_word' id='word_1_122' title='bbox 108 2077 217 2151; x_wconf 87' lang='lat' dir='ltr'><strong>norio</strong></span> <span class='ocrx_word' id='word_1_123' title='bbox 242 2089 278 2146; x_wconf 90' lang='lat' dir='ltr'><strong>et</strong></span> <span class='ocrx_word' id='word_1_124' title='bbox 298 2072 468 2170; x_wconf 82' lang='lat' dir='ltr'><strong>deinceps</strong></span> <span class='ocrx_word' id='word_1_125' title='bbox 498 2068 722 2168; x_wconf 85' lang='lat' dir='ltr'><strong>aGregorio</strong></span> <span class='ocrx_word' id='word_1_126' title='bbox 743 2066 811 2148; x_wconf 68' lang='grc' dir='ltr'><strong>ΙΧι</strong></span> <span class='ocrx_word' id='word_1_127' title='bbox 843 2074 1147 2173; x_wconf 74' lang='lat' dir='ltr'><strong>,excommunica-</strong></span> 
     </span>
     <span class='ocr_line' id='line_1_18' title="bbox 106 2179 1146 2287; baseline 0 -26"><span class='ocrx_word' id='word_1_128' title='bbox 106 2207 189 2270; x_wconf 85' lang='lat' dir='ltr'><strong>rus,</strong></span> <span class='ocrx_word' id='word_1_129' title='bbox 223 2187 284 2284; x_wconf 92' lang='lat' dir='ltr'><strong>qui</strong></span> <span class='ocrx_word' id='word_1_130' title='bbox 315 2199 354 2260; x_wconf 92' lang='lat' dir='ltr'><strong>ut</strong></span> <span class='ocrx_word' id='word_1_131' title='bbox 376 2181 446 2258; x_wconf 89' lang='lat' dir='ltr'><strong>sese</strong></span> <span class='ocrx_word' id='word_1_132' title='bbox 476 2180 711 2281; x_wconf 83' lang='lat' dir='ltr'><strong>refragarium</strong></span> <span class='ocrx_word' id='word_1_133' title='bbox 742 2183 846 2259; x_wconf 87' lang='lat' dir='ltr'><strong>matri</strong></span> <span class='ocrx_word' id='word_1_134' title='bbox 872 2179 1057 2287; x_wconf 76' lang='lat' dir='ltr'><strong>Eccciefiae</strong></span> <span class='ocrx_word' id='word_1_135' title='bbox 1083 2206 1146 2261; x_wconf 84' lang='lat' dir='ltr'><strong>ex·</strong></span> 
     </span>
     <span class='ocr_line' id='line_1_19' title="bbox 112 2278 1008 2395; baseline 0.002 -23"><span class='ocrx_word' id='word_1_136' title='bbox 112 2297 253 2383; x_wconf 90' lang='lat' dir='ltr'><strong>hibuit,</strong></span> <span class='ocrx_word' id='word_1_137' title='bbox 286 2297 331 2372; x_wconf 88' lang='lat' dir='ltr'><strong>ita</strong></span> <span class='ocrx_word' id='word_1_138' title='bbox 358 2299 464 2371; x_wconf 86' lang='lat' dir='ltr'><strong>etiam</strong></span> <span class='ocrx_word' id='word_1_139' title='bbox 481 2288 652 2372; x_wconf 82' lang='lat' dir='ltr'><strong>rebeliem</strong></span> <span class='ocrx_word' id='word_1_140' title='bbox 673 2278 788 2372; x_wconf 82' lang='lat' dir='ltr'><strong>filium</strong></span> <span class='ocrx_word' id='word_1_141' title='bbox 810 2290 925 2395; x_wconf 77' lang='lat' dir='ltr'><strong>passus</strong></span> <span class='ocrx_word' id='word_1_142' title='bbox 947 2296 1008 2374; x_wconf 86' lang='lat' dir='ltr'><strong>est.</strong></span> 
     </span>
    </p>
   </div>
   <div class='ocr_carea' id='block_1_3' title="bbox 103 2450 1149 3909">
    <p class='ocr_par' dir='ltr' id='par_1_3' title="bbox 103 2450 1149 3909">
     <span class='ocr_line' id='line_1_20' title="bbox 195 2450 1146 2559; baseline 0.006 -26"><span class='ocrx_word' id='word_1_143' title='bbox 195 2455 399 2556; x_wconf 88' lang='lat' dir='ltr'><strong>Gregorius</strong></span> <span class='ocrx_word' id='word_1_144' title='bbox 417 2454 484 2536; x_wconf 84' lang='lat' dir='ltr'><strong>IX.</strong></span> <span class='ocrx_word' id='word_1_145' title='bbox 508 2460 665 2545; x_wconf 73' lang='lat' dir='ltr'><strong>interea,</strong></span> <span class='ocrx_word' id='word_1_146' title='bbox 695 2455 753 2533; x_wconf 82' lang='lat' dir='ltr'><strong>sed</strong></span> <span class='ocrx_word' id='word_1_147' title='bbox 772 2450 915 2541; x_wconf 77' lang='lat' dir='ltr'><strong>frustra,</strong></span> <span class='ocrx_word' id='word_1_148' title='bbox 948 2461 1146 2559; x_wconf 86' lang='lat' dir='ltr'><strong>imperium</strong></span> 
     </span>
     <span class='ocr_line' id='line_1_21' title="bbox 105 2560 1145 2669; baseline 0.003 -22"><span class='ocrx_word' id='word_1_149' title='bbox 105 2567 340 2655; x_wconf 84' lang='lat' dir='ltr'><strong>Occidentis,</strong></span> <span class='ocrx_word' id='word_1_150' title='bbox 372 2568 471 2669; x_wconf 89' lang='lat' dir='ltr'><strong>quod</strong></span> <span class='ocrx_word' id='word_1_151' title='bbox 503 2560 619 2646; x_wconf 84' lang='lat' dir='ltr'><strong>Roma</strong></span> <span class='ocrx_word' id='word_1_152' title='bbox 643 2569 708 2646; x_wconf 86' lang='lat' dir='ltr'><strong>suo</strong></span> <span class='ocrx_word' id='word_1_153' title='bbox 737 2574 772 2643; x_wconf 89' lang='lat' dir='ltr'><strong>in</strong></span> <span class='ocrx_word' id='word_1_154' title='bbox 802 2572 951 2646; x_wconf 88' lang='lat' dir='ltr'><strong>arbitrio</strong></span> <span class='ocrx_word' id='word_1_155' title='bbox 983 2570 1145 2669; x_wconf 74' lang='lat' dir='ltr'><strong>positum</strong></span> 
     </span>
     <span class='ocr_line' id='line_1_22' title="bbox 107 2677 1143 2786; baseline 0.005 -31"><span class='ocrx_word' id='word_1_156' title='bbox 107 2681 342 2780; x_wconf 83' lang='lat' dir='ltr'><strong>existimavit,</strong></span> <span class='ocrx_word' id='word_1_157' title='bbox 375 2697 414 2756; x_wconf 89' lang='lat' dir='ltr'><strong>ut</strong></span> <span class='ocrx_word' id='word_1_158' title='bbox 439 2682 529 2756; x_wconf 92' lang='lat' dir='ltr'><strong>olirn</strong></span> <span class='ocrx_word' id='word_1_159' title='bbox 556 2682 692 2781; x_wconf 72' lang='lat' dir='ltr'><strong>senatus</strong></span> <span class='ocrx_word' id='word_1_160' title='bbox 717 2677 907 2758; x_wconf 88' lang='lat' dir='ltr'><strong>Romanos</strong></span> <span class='ocrx_word' id='word_1_161' title='bbox 923 2722 934 2765; x_wconf 93' lang='lat'><strong>·,</strong></span> <span class='ocrx_word' id='word_1_162' title='bbox 952 2780 955 2786; x_wconf 23' lang='grc'>,</span> <span class='ocrx_word' id='word_1_163' title='bbox 975 2680 1143 2760; x_wconf 85' lang='lat' dir='ltr'><strong>Roberto</strong></span> 
     </span>
     <span class='ocr_line' id='line_1_23' title="bbox 105 2789 1145 2896; baseline 0.005 -30"><span class='ocrx_word' id='word_1_164' title='bbox 105 2794 205 2867; x_wconf 85' lang='lat' dir='ltr'><strong>itatri</strong></span> <span class='ocrx_word' id='word_1_165' title='bbox 246 2789 581 2869; x_wconf 81' lang='lat' dir='ltr'><strong>S.Ludovici1X·.</strong></span> <span class='ocrx_word' id='word_1_166' title='bbox 624 2790 846 2896; x_wconf 82' lang='lat' dir='ltr'><strong>Francorum</strong></span> <span class='ocrx_word' id='word_1_167' title='bbox 882 2795 975 2889; x_wconf 79' lang='lat' dir='ltr'><strong>regis</strong></span> <span class='ocrx_word' id='word_1_168' title='bbox 1007 2795 1145 2871; x_wconf 91' lang='lat' dir='ltr'><strong>obtulit</strong></span> 
     </span>
     <span class='ocr_line' id='line_1_24' title="bbox 103 2894 1144 3006; baseline 0.007 -30"><span class='ocrx_word' id='word_1_169' title='bbox 103 2927 161 2978; x_wconf 86' lang='lat' dir='ltr'><strong>nn.</strong></span> <span class='ocrx_word' id='word_1_170' title='bbox 189 2904 302 2993; x_wconf 82' lang='lat'>1236.</span> <span class='ocrx_word' id='word_1_171' title='bbox 337 2903 474 2980; x_wconf 80' lang='lat' dir='ltr'><strong>Frustra</strong></span> <span class='ocrx_word' id='word_1_172' title='bbox 495 2906 601 2979; x_wconf 80' lang='lat' dir='ltr'><strong>etiam</strong></span> <span class='ocrx_word' id='word_1_173' title='bbox 630 2894 832 2981; x_wconf 87' lang='lat' dir='ltr'><strong>Fridericus</strong></span> <span class='ocrx_word' id='word_1_174' title='bbox 859 2922 956 2981; x_wconf 90' lang='lat' dir='ltr'><strong>anno</strong></span> <span class='ocrx_word' id='word_1_175' title='bbox 980 2905 1144 3006; x_wconf 82' lang='lat' dir='ltr'><strong>sequenti</strong></span> 
     </span>
     <span class='ocr_line' id='line_1_25' title="bbox 107 3006 1147 3115; baseline 0.004 -25"><span class='ocrx_word' id='word_1_176' title='bbox 107 3015 265 3094; x_wconf 85' lang='lat' dir='ltr'><strong>Romam</strong></span> <span class='ocrx_word' id='word_1_177' title='bbox 288 3013 469 3115; x_wconf 83' lang='lat' dir='ltr'><strong>aggreffus</strong></span> <span class='ocrx_word' id='word_1_178' title='bbox 488 3016 558 3100; x_wconf 85' lang='lat' dir='ltr'><strong>est,</strong></span> <span class='ocrx_word' id='word_1_179' title='bbox 591 3006 686 3094; x_wconf 82' lang='lat' dir='ltr'><strong>ltalia</strong></span> <span class='ocrx_word' id='word_1_180' title='bbox 710 3021 746 3091; x_wconf 83' lang='lat' dir='ltr'><strong>e&#39;t</strong></span> <span class='ocrx_word' id='word_1_181' title='bbox 765 3014 959 3095; x_wconf 84' lang='lat' dir='ltr'><strong>Germania</strong></span> <span class='ocrx_word' id='word_1_182' title='bbox 992 3016 1147 3095; x_wconf 78' lang='lat' dir='ltr'><strong>Gueli&#39;o·</strong></span> 
     </span>
     <span class='ocr_line' id='line_1_26' title="bbox 108 3126 1145 3229; baseline 0.005 -25"><span class='ocrx_word' id='word_1_183' title='bbox 108 3153 190 3204; x_wconf 88' lang='lat' dir='ltr'><strong>rum</strong></span> <span class='ocrx_word' id='word_1_184' title='bbox 209 3145 244 3202; x_wconf 91' lang='lat' dir='ltr'><strong>et</strong></span> <span class='ocrx_word' id='word_1_185' title='bbox 259 3126 528 3206; x_wconf 86' lang='lat' dir='ltr'><strong>Gibeilinorum</strong></span> <span class='ocrx_word' id='word_1_186' title='bbox 549 3128 761 3207; x_wconf 73' lang='lat' dir='ltr'><strong>fadionibus</strong></span> <span class='ocrx_word' id='word_1_187' title='bbox 784 3128 947 3229; x_wconf 87' lang='lat' dir='ltr'><strong>undrque</strong></span> <span class='ocrx_word' id='word_1_188' title='bbox 968 3127 1145 3209; x_wconf 83' lang='lat' dir='ltr'><strong>concuffrs</strong></span> 
     </span>
     <span class='ocr_line' id='line_1_27' title="bbox 109 3234 1147 3338; baseline 0.002 -22"><span class='ocrx_word' id='word_1_189' title='bbox 109 3259 145 3316; x_wconf 88' lang='lat' dir='ltr'><strong>et</strong></span> <span class='ocrx_word' id='word_1_190' title='bbox 167 3242 403 3317; x_wconf 85' lang='lat' dir='ltr'><strong>conturbatis.</strong></span> <span class='ocrx_word' id='word_1_191' title='bbox 463 3234 564 3318; x_wconf 86' lang='lat' dir='ltr'><strong>Dum</strong></span> <span class='ocrx_word' id='word_1_192' title='bbox 590 3240 792 3338; x_wconf 80' lang='lat' dir='ltr'><strong>Gregorius</strong></span> <span class='ocrx_word' id='word_1_193' title='bbox 813 3239 881 3319; x_wconf 87' lang='grc' dir='ltr'><strong>ΙΧ.</strong></span> <span class='ocrx_word' id='word_1_194' title='bbox 918 3241 1053 3318; x_wconf 75' lang='lat' dir='ltr'><strong>indicio</strong></span> <span class='ocrx_word' id='word_1_195' title='bbox 1079 3245 1147 3318; x_wconf 90' lang='lat' dir='ltr'><strong>ite-</strong></span> 
     </span>
     <span class='ocr_line' id='line_1_28' title="bbox 104 3352 1142 3453; baseline 0.004 -25"><span class='ocrx_word' id='word_1_196' title='bbox 104 3374 189 3430; x_wconf 87' lang='lat' dir='ltr'><strong>rum</strong></span> <span class='ocrx_word' id='word_1_197' title='bbox 236 3353 398 3429; x_wconf 84' lang='lat' dir='ltr'><strong>concilio</strong></span> <span class='ocrx_word' id='word_1_198' title='bbox 443 3357 617 3438; x_wconf 85' lang='lat' dir='ltr'><strong>moritur,</strong></span> <span class='ocrx_word' id='word_1_199' title='bbox 663 3356 726 3453; x_wconf 91' lang='lat' dir='ltr'><strong>qui</strong></span> <span class='ocrx_word' id='word_1_200' title='bbox 768 3353 812 3430; x_wconf 89' lang='lat' dir='ltr'><strong>ad</strong></span> <span class='ocrx_word' id='word_1_201' title='bbox 854 3352 944 3430; x_wconf 84' lang='lat' dir='ltr'><strong>illud</strong></span> <span class='ocrx_word' id='word_1_202' title='bbox 984 3352 1142 3432; x_wconf 86' lang='lat' dir='ltr'><strong>Romam</strong></span> 
     </span>
     <span class='ocr_line' id='line_1_29' title="bbox 108 3464 1145 3564; baseline 0.003 -25"><span class='ocrx_word' id='word_1_203' title='bbox 108 3464 363 3551; x_wconf 88' lang='lat' dir='ltr'><strong>contendunt,</strong></span> <span class='ocrx_word' id='word_1_204' title='bbox 410 3464 568 3564; x_wconf 85' lang='lat' dir='ltr'><strong>episcopi</strong></span> <span class='ocrx_word' id='word_1_205' title='bbox 601 3467 821 3562; x_wconf 86' lang='lat' dir='ltr'><strong>capiuntur,</strong></span> <span class='ocrx_word' id='word_1_206' title='bbox 865 3468 963 3542; x_wconf 87' lang='lat' dir='ltr'><strong>etin</strong></span> <span class='ocrx_word' id='word_1_207' title='bbox 994 3467 1145 3542; x_wconf 85' lang='lat' dir='ltr'><strong>vinculis</strong></span> 
     </span>
     <span class='ocr_line' id='line_1_30' title="bbox 105 3571 1149 3681; baseline 0.003 -29"><span class='ocrx_word' id='word_1_208' title='bbox 105 3576 325 3652; x_wconf 87' lang='lat' dir='ltr'><strong>detinentur.</strong></span> <span class='ocrx_word' id='word_1_209' title='bbox 385 3576 586 3655; x_wconf 87' lang='lat' dir='ltr'><strong>Coeiestino</strong></span> <span class='ocrx_word' id='word_1_210' title='bbox 608 3571 673 3653; x_wconf 89' lang='lat' dir='ltr'><strong>1V.</strong></span> <span class='ocrx_word' id='word_1_211' title='bbox 716 3580 823 3653; x_wconf 89' lang='lat' dir='ltr'><strong>etiam</strong></span> <span class='ocrx_word' id='word_1_212' title='bbox 855 3578 956 3653; x_wconf 89' lang='lat' dir='ltr'><strong>brevi</strong></span> <span class='ocrx_word' id='word_1_213' title='bbox 976 3579 1149 3681; x_wconf 82' lang='lat' dir='ltr'><strong>consum·</strong></span> 
     </span>
     <span class='ocr_line' id='line_1_31' title="bbox 106 3686 1144 3782; baseline 0.005 -19"><span class='ocrx_word' id='word_1_214' title='bbox 106 3703 174 3772; x_wconf 90' lang='lat' dir='ltr'><strong>to,</strong></span> <span class='ocrx_word' id='word_1_215' title='bbox 204 3689 436 3764; x_wconf 84' lang='lat' dir='ltr'><strong>innocentius</strong></span> <span class='ocrx_word' id='word_1_216' title='bbox 461 3686 522 3764; x_wconf 89' lang='lat' dir='ltr'><strong>lV.</strong></span> <span class='ocrx_word' id='word_1_217' title='bbox 546 3713 602 3764; x_wconf 87' lang='lat' dir='ltr'><strong>an.</strong></span> <span class='ocrx_word' id='word_1_218' title='bbox 633 3708 749 3782; x_wconf 85' lang='lat'>1242.</span> <span class='ocrx_word' id='word_1_219' title='bbox 780 3687 935 3772; x_wconf 66' lang='lat' dir='ltr'><strong>electus,</strong></span> <span class='ocrx_word' id='word_1_220' title='bbox 966 3702 1009 3767; x_wconf 89' lang='lat' dir='ltr'><strong>ut</strong></span> <span class='ocrx_word' id='word_1_221' title='bbox 1033 3690 1078 3767; x_wconf 86' lang='lat' dir='ltr'><strong>de</strong></span> <span class='ocrx_word' id='word_1_222' title='bbox 1097 3714 1144 3768; x_wconf 89' lang='lat' dir='ltr'><strong>eo</strong></span> 
     </span>
     <span class='ocr_line' id='line_1_32' title="bbox 103 3796 1146 3909; baseline 0.006 -33"><span class='ocrx_word' id='word_1_223' title='bbox 103 3799 228 3877; x_wconf 82' lang='lat' dir='ltr'><strong>scribit</strong></span> <span class='ocrx_word' id='word_1_224' title='bbox 242 3797 280 3886; x_wconf 81' lang='lat' dir='ltr'><strong>a)</strong></span> <span class='ocrx_word' id='word_1_225' title='bbox 295 3801 493 3878; x_wconf 86' lang='lat' dir='ltr'><strong>monachus</strong></span> <span class='ocrx_word' id='word_1_226' title='bbox 508 3796 696 3909; x_wconf 88' lang='lat' dir='ltr'><strong>Paduanus</strong></span> <span class='ocrx_word' id='word_1_227' title='bbox 710 3800 772 3879; x_wconf 89' lang='lat' dir='ltr'><strong>lib.</strong></span> <span class='ocrx_word' id='word_1_228' title='bbox 788 3799 832 3879; x_wconf 86' lang='lat'><strong>11.</strong></span> <span class='ocrx_word' id='word_1_229' title='bbox 851 3800 980 3877; x_wconf 87' lang='lat' dir='ltr'><strong>chron.</strong></span> <span class='ocrx_word' id='word_1_230' title='bbox 1009 3859 1031 3894; x_wconf 69' lang='lat'><strong>2,</strong></span> <span class='ocrx_word' id='word_1_231' title='bbox 1049 3827 1146 3901; x_wconf 75' lang='lat' dir='ltr'><strong>quc-</strong></span> 
     </span>
    </p>
   </div>
   <div class='ocr_carea' id='block_1_4' title="bbox 147 3912 1092 4107">
    <p class='ocr_par' dir='ltr' id='par_1_4' title="bbox 147 3912 1092 4107">
     <span class='ocr_line' id='line_1_33' title="bbox 282 3912 1092 4013; baseline 0.002 -23"><span class='ocrx_word' id='word_1_232' title='bbox 282 4006 285 4013; x_wconf 35' lang='grc'><strong>,</strong></span> <span class='ocrx_word' id='word_1_233' title='bbox 562 3914 591 3991; x_wconf 80' lang='grc' dir='ltr'>Α</span> <span class='ocrx_word' id='word_1_234' title='bbox 623 3934 644 3986; x_wconf 90' lang='lat'>2</span> <span class='ocrx_word' id='word_1_235' title='bbox 972 3912 1092 4007; x_wconf 84' lang='lat' dir='ltr'><strong>„srvit</strong></span> 
     </span>
     <span class='ocr_line' id='line_1_34' title="bbox 147 4021 1025 4107; baseline 0.005 -20"><span class='ocrx_word' id='word_1_236' title='bbox 147 4029 183 4104; x_wconf 81' lang='grc' dir='ltr'><strong>ιι)</strong></span> <span class='ocrx_word' id='word_1_237' title='bbox 206 4023 291 4105; x_wconf 72' lang='lat' dir='ltr'><strong>Apud</strong></span> <span class='ocrx_word' id='word_1_238' title='bbox 318 4021 411 4088; x_wconf 80' lang='lat' dir='ltr'><strong>Urstis.</strong></span> <span class='ocrx_word' id='word_1_239' title='bbox 436 4021 499 4087; x_wconf 83' lang='lat' dir='ltr'><strong>bist.</strong></span> <span class='ocrx_word' id='word_1_240' title='bbox 523 4022 621 4090; x_wconf 86' lang='lat' dir='ltr'><strong>Germ.</strong></span> <span class='ocrx_word' id='word_1_241' title='bbox 648 4024 750 4093; x_wconf 78' lang='lat' dir='ltr'><strong>illustr.</strong></span> <span class='ocrx_word' id='word_1_242' title='bbox 778 4024 808 4092; x_wconf 81' lang='lat' dir='ltr'><strong>P.</strong></span> <span class='ocrx_word' id='word_1_243' title='bbox 836 4024 873 4091; x_wconf 84' lang='lat' dir='ltr'><strong>il.</strong></span> <span class='ocrx_word' id='word_1_244' title='bbox 896 4044 927 4107; x_wconf 85' lang='lat' dir='ltr'><strong>p.</strong></span> <span class='ocrx_word' id='word_1_245' title='bbox 956 4046 1025 4106; x_wconf 80' lang='lat'><strong>590.</strong></span> 
     </span>
    </p>
   </div>
   <div class='ocr_carea' id='block_1_5' title="bbox 0 0 1258 4958">
    <p class='ocr_par' dir='ltr' id='par_1_5' title="bbox 0 0 1258 4958">
     <span class='ocr_line' id='line_1_35' title="bbox 0 0 1258 4958; baseline 0 0"><span class='ocrx_word' id='word_1_246' title='bbox 0 0 1258 4958; x_wconf 95' lang='lat' dir='ltr'><strong> </strong></span> 
     </span>
    </p>
   </div>
  </div>
 </body>
</html>
