2506 4958
55 660 60 669 .
169 553 252 613 no
550 522 881 626 demurmurans
1041 598 1044 603 .

132 772 135 777 .
160 696 340 801 psalmum
361 682 466 775 clx.
496 710 729 797 provocant,
759 714 837 797 qno
861 686 1028 775 Christus
1044 686 1215 783 sacerdot

158 816 198 889 io
220 822 395 891 eternum
416 806 576 896 dicitur,
620 804 820 887 iocundum
853 808 1023 888 ordinem
1054 806 1215 889 Melchi·

157 920 299 1004 iedeclu
357 912 544 999 Terribilis
569 932 741 999 ceterum
765 934 866 999 torua
892 923 943 999 eii
966 919 1124 1021 psalmon
1148 925 1213 1004 iiie

158 1050 289 1117 contra
315 1028 458 1113 ludaeos
485 1047 523 1111 et
545 1054 758 1137 quosquos·
780 1031 871 1111 alios
915 1026 1081 1115 Ecclefiae
1116 1035 1216 1115 mili.

158 1149 268 1229 untte
301 1147 407 1247 regni
435 1141 568 1225 Chriiii
593 1146 634 1225 io
661 1145 766 1225 terrie
783 1144 912 1225 hostes
937 1144 1059 1247 regale
1085 1146 1214 1227 Sacer·

157 1262 333 1348 dotium,
362 1254 467 1361 quod
499 1255 698 1358 psalmisto,
744 1250 938 1363 postquam
967 1259 1214 1340 sacerdotium

157 1372 292 1457 Christi
314 1384 491 1451 eternum
517 1374 619 1449 iuxta
647 1369 817 1449 ordinem
853 1368 1122 1452 Melchisedech
1160 1373 1215 1452 ai·

156 1482 341 1571 leroiliet.
371 1486 563 1573 enimam.
596 1478 807 1573 Dominus,
844 1486 996 1587 inquit,
1027 1508 1052 1560 o
1071 1485 1215 1565 dextris

83 1656 86 1661 -
154 1603 229 1679 tuit
252 1592 430 1695 confregit
457 1598 499 1672 in
523 1590 618 1673 die
600 1618 667 1673 are
684 1596 762 1697 soe
786 1616 898 1695 reges.
955 1590 1186 1676 iudicavit
1170 1621 1214 1679 m

152 1704 383 1798 nationibus,
413 1704 574 1809 implebit
595 1712 740 1800 rainer,
769 1701 1007 1809 conquaffudit
1024 1716 1180 1810 rapite
1164 1732 1210 1789 m

152 1832 269 1905 ierru
288 1818 496 1900 multorum.
555 1818 675 1919 Quod
708 1827 780 1902 iam
813 1824 852 1901 in
885 1825 1045 1903 exordio
1082 1829 1212 1926 paucio

153 1937 293 2019 ditium
313 1948 391 2015 erat
422 1930 513 2013 dum
539 1930 702 2015 Christos
728 1934 774 2014 ad
799 1934 965 2017 dextram
993 1935 1093 2015 suam
1111 1936 1213 2017 sede·

153 2070 196 2129 re
225 2046 371 2131 aPattc
393 2042 568 2127 iubetur·
599 2042 721 2127 Donec
745 2063 906 2146 poema,
937 2026 1102 2127 inimicos
1128 2059 1213 2129 tuot

146 2158 337 2265 iioieium
373 2160 502 2261 pedum
543 2168 711 2251 morum.
753 2160 857 2263 quod
895 2159 1007 2242 hodie
1038 2179 1214 2265 aegantee

65 2374 68 2379 .
152 2296 221 2379 per
243 2274 374 2355 orbem
391 2270 502 2353 iudei
518 2273 783 2373 experiuntur,
815 2274 906 2353 urbe
921 2277 1036 2356 excisa
1059 2298 1101 2355 ac
1116 2294 1211 2376 gett-

115 2428 117 2441 =
154 2402 192 2466 te
225 2384 398 2489 dispersa·
443 2386 532 2465 dum
564 2386 737 2489 interim,
786 2388 929 2487 virgam
966 2391 1108 2466 virtutis
1140 2387 1212 2468 suae

154 2496 272 2580 emilit
299 2498 486 2580 Dominus
515 2521 562 2575 ex
585 2496 704 2586 Sion,
735 2497 861 2585 unde,
894 2496 1125 2604 ierosolymis
1152 2503 1212 2579 ni·

155 2617 328 2700 mirum,
358 2606 552 2737 progredi
580 2606 735 2707 apostoli
759 2604 950 2688 Ecclesiam
990 2616 1210 2693 militantem

155 2742 314 2821 reguum
346 2720 520 2802 Christi
509 2742 546 2796 m
571 2721 673 2797 terrie
691 2722 983 2813 constituerunt,
1012 2740 1053 2804 ut
1086 2727 1210 2804 domi·

153 2850 304 2912 naretur
332 2835 371 2912 iu
407 2830 531 2909 medio
557 2832 788 2911 inimicorum
822 2832 970 2912 suorum
1010 2839 1209 2936 gentilium

153 2942 346 3027 Eccleiiam
372 2944 692 3047 persequentium:
716 2968 903 3048 quorum,
925 2962 978 3028 ,ιιι
1008 2951 1129 3050 postea
1170 2954 1210 3031 in

154 3056 278 3139 Roma
303 3057 533 3139 debellatrice
559 3053 761 3137 sanilotum
798 3056 1028 3151 videbimus,
1069 3060 1210 3160 confre-

150 3166 219 3273 git*
236 3174 276 3247 in
300 3172 358 3249 die
395 3173 458 3249 ire
478 3166 553 3270 sue
582 3193 711 3268 reges:
751 3173 1029 3276 constanterque
1053 3172 1209 3256 Eccleiia

155 3286 317 3365 militane
353 3305 508 3385 regnum
552 3282 684 3364 Chtiiii
735 3287 908 3363 interris
951 3283 1125 3363 iudicabit
1168 3292 1209 3365 iu

152 3394 385 3482 nonnullus,
416 3392 576 3492 implebit
590 3397 717 3474 ruinas
742 3400 966 3476 anteriorum
998 3399 1209 3500 persecuto-

154 3536 261 3601 tum,
290 3504 528 3608 conquaffoiit
557 3508 676 3604 cupito
703 3508 868 3587 deterre
890 3509 1084 3588 multorum
1114 3537 1210 3613 quo.

154 3644 387 3722 rumcunque
444 3642 670 3724 quocunque
727 3636 895 3721 tempore
941 3616 1208 3705 adversantium

154 3751 271 3838 prout
298 3729 448 3812 tecleda
486 3730 731 3834 promilllonie
764 3734 894 3813 divine
924 3735 1046 3813 secura
1078 3735 1207 3818 Deum

154 3863 284 3927 contra
315 3844 561 3948 persecutores
587 3861 730 3947 rogat:
778 3844 941 3939 Hostium
972 3846 1205 3941 nostrum.

154 3958 347 4059 quesumus
378 3956 533 4035 Domine
557 3956 646 4036 elide
660 3957 891 4057 superbiam,
927 3971 962 4037 et
984 3982 1107 4037 eorum
1124 3986 1207 4040 coir·

153 4075 350 4150 tumoeiam
392 4070 545 4150 dextere
587 4081 656 4147 tuae
705 4076 845 4149 virtute
879 4069 1089 4171 prosterne,
1140 4093 1209 4175 per

153 4184 364 4271 Dominum
397 4185 564 4267 oemunt
587 4182 706 4265 lesum
732 4183 915 4268 Christum
944 4188 1015 4269 dac.
1044 4178 1108 4267 Pia
1131 4212 1210 4269 me·

1091 4379 1153 4453 iti*
