2506 4958
266 231 419 308 regnum
440 203 571 300 chrisi
588 209 629 284 in
643 208 763 288 terris.
786 231 814 288 c.
836 203 938 288 LIX.
1042 228 1119 305 3¹3
1210 156 1213 162 ¹

88 373 230 474 garium
255 371 301 448 de
322 373 470 448 veritate
501 373 668 471 corporis
696 387 733 449 et
760 369 942 470 sanguinis
965 369 1122 451 Domini

88 508 203 582 nuper
223 484 380 561 ausiiore
403 485 496 560 edita
526 483 707 561 somnium
732 487 839 560 etiam
865 488 1024 585 primum
1049 485 1124 562 Na-

88 594 403 675 buchodonosoris
431 591 525 672 Dan.
549 593 592 671 sl.
622 594 669 671 de
690 594 806 695 sapide
824 611 984 673 emonte
1001 596 1123 674 auseis

88 708 126 786 so
144 709 216 784 hoc
234 706 406 808 appiicat,
437 704 584 784 Christo
603 708 774 785 nimirum
792 722 829 783 et
847 712 922 785 eius
943 705 1121 787 Ecclesrae:

88 876 111 915 „
141 819 240 914 Quia
265 814 457 919 (inquit,)
484 839 644 918 corpur.
674 818 776 919 quod
798 817 844 895 de
867 818 971 896 massa
996 819 1123 899 huma·

88 986 111 1025 ,,
141 937 178 1007 ni
206 933 349 1030 generis
365 927 540 1016 assumsit.
571 928 764 1008 accedente
785 931 947 1031 undique
963 931 1123 1011 fidelium

88 1098 110 1138 ‚,
140 1065 323 1128 numero„
346 1044 383 1118 in
405 1041 619 1120 immensum
639 1044 672 1118 se
692 1041 864 1128 dilatant.
896 1043 1051 1121 crescere
1070 1045 1124 1123 us·

88 1210 110 1250 ‚,
138 1178 210 1254 que
233 1157 274 1230 in
300 1152 408 1229 finem
431 1153 566 1240 secuii,
609 1153 730 1230 donec
755 1168 871 1230 totam
897 1167 1032 1232 terram
1058 1156 1126 1233 im-

88 1322 109 1360 „
137 1267 255 1367 pleat.
286 1289 362 1342 non
382 1264 532 1358 defistit3
547 1265 692 1343 dicente
712 1267 884 1342 nimirum
903 1264 944 1353 o)
957 1265 1122 1345 Christo:

88 1377 133 1457 Et
158 1375 411 1474 practicatum
435 1377 500 1453 hoc
532 1373 766 1477 Evangesium
790 1373 896 1473 regni
922 1372 959 1453 r'n
978 1381 1126 1454 univer·

88 1488 120 1581 so
150 1485 233 1566 orbe
256 1492 297 1565 in
320 1485 553 1581 testimonium
579 1486 739 1568 omnibus
761 1485 951 1589 gentibus,
980 1500 1016 1566 ei
1042 1499 1127 1568 tunc

88 1605 206 1681 ueniet
238 1599 500 1695 consummatio.

170 1763 440 1863 Argumentum
468 1761 541 1837 hoc
563 1761 678 1839 facere
711 1756 809 1840 Otto
834 1758 1024 1861 episcopus
1050 1760 1127 1843 Fri·

88 1873 257 1974 tingensis
287 1875 408 1953 voluit
427 1872 509 1950 libri
531 1869 631 1950 vlit.
661 1871 826 1950 chronici
849 1871 922 1960 sui,
953 1873 1063 1950 veluti
1087 1874 1122 1964 S.

88 1986 333 2085 Augustinum
363 1984 409 2062 de
432 1985 575 2060 civitate
606 1979 884 2076 Dei'imitatus3
912 2007 980 2063 nec
1003 1999 1125 2061 tamen
1174 2048 1179 2057 .

88 2114 266 2177 terrenam
299 2110 440 2173 tantum
468 2097 641 2171 acivitate
664 2093 735 2173 Dei
760 2095 948 2184 discernit,
991 2096 1124 2178 librum

88 2209 190 2287 suum
219 2208 264 2284 de
294 2208 430 2285 duabus
455 2209 659 2284 civitatibus
690 2207 912 2292 inscribens,
953 2205 1125 2285 trifariam

88 2320 311 2418 distinguens
367 2374 390 2413 ‚‚
408 2318 505 2399 Cum
520 2321 617 2395 enim
634 2321 783 2421 (inquit
802 2318 839 2397 in
863 2315 1050 2419 prologo)
1076 2322 1126 2398 ci·

88 2489 111 2527 „
141 2437 228 2508 vitas
253 2430 385 2511 Christi
411 2433 468 2508 seu
493 2455 648 2530 regnum
673 2435 772 2517 eius,
814 2428 1012 2509 secundum
1038 2456 1127 2532 prae·

88 2601 111 2639 „
140 2544 274 2622 sentem
296 2545 424 2621 statum
446 2545 500 2618 vel
523 2543 686 2620 futurum
704 2538 855 2619 Ecclefia
876 2540 1034 2628 dicatur.
1065 2544 1128 2620 aii-

88 2713 113 2750 „
142 2672 196 2732 ter
215 2655 248 2732 se
267 2655 407 2739 modo,
439 2655 613 2754 quamdiu
640 2655 764 2729 bonos
790 2668 826 2728 et
848 2652 962 2729 malos
987 2657 1024 2729 in
1051 2677 1127 2732 uno

88 2823 113 2861 „
142 2770 286 2865 gremio
304 2766 427 2842 sovere
449 2767 626 2852 cernitur,
650 2764 773 2840 habet:
792 2763 892 2841 aliter
908 2768 1019 2851 tunc,
1040 2787 1125 2841 cum

88 2932 114 2974 „
142 2878 239 2973 solos
278 2879 466 2954 bonosio
501 2875 642 2977 superni
669 2873 763 2953 sinus
798 2874 916 2974 gioria
950 2874 1124 2964 servabit;

88 3046 113 3085 „
143 2991 245 3066 aliter
262 2988 326 3066 sub
351 2990 574 3088 principibus
602 2989 768 3087 gentium
789 2991 911 3063 vivens
940 2986 973 3064 se
992 2987 1126 3067 habuit.
1232 3030 1238 3053 ·

88 3158 113 3196 „
144 3100 315 3201 Denique
333 3100 437 3201 quod
455 3097 604 3177 Ecclesia
630 3123 705 3177 non
729 3098 846 3176 soium
869 3121 954 3176 cum
981 3097 1129 3180 Christo

88 3270 113 3308 ,‚
144 3237 319 3313 regnans,
359 3211 417 3287 sed
445 3229 480 3288 et
503 3210 723 3312 inpraesenti
754 3211 891 3288 horreo
915 3234 1072 3310 granum
1093 3226 1130 3290 et

90 3381 115 3418 „
143 3326 279 3424 paleam
318 3327 510 3400 continens
533 3316 699 3422 ‘regnum
721 3323 854 3402 Chrisii
885 3340 1061 3412 vocetur.
1092 3325 1130 3401 in

90 3493 115 3530 ,‚
145 3436 330 3533 euangelio
363 3433 635 3511 manisestiffime
665 3433 797 3521 habea,
848 3435 910 3512 ubi
937 3435 983 3512 de
1013 3456 1130 3535 tegno

92 3605 118 3642 „
148 3549 212 3625 suo
236 3547 418 3634 scandalo,
448 3562 527 3646 qo'ae
548 3544 646 3623 nulla
664 3545 829 3645 professo
850 3549 885 3621 iu
904 3546 1040 3627 coelesii
1070 3562 1131 3648 pa·-

93 3714 117 3754 ,‚
148 3661 211 3735 tria
238 3658 518 3758 tranquillissima
553 3677 589 3735 et
612 3653 803 3736 felicissima
833 3658 913 3735 sore
938 3673 1129 3760 poterunt,

95 3827 121 3867 ‚,
149 3770 342 3851 auferenda
380 3771 635 3872 praedicuntur.
701 3766 750 3849 Ea
788 3792 881 3869 ergo
919 3769 1128 3850 locutione.

559 3877 598 3961 V
631 3900 650 3979 5
952 3933 978 3978 a
1007 3906 1077 3985 ‘1¹¹³

139 4003 175 4083 ι)
196 4000 305 4068 Mattb.
328 4001 445 4067 XXls.
