2506 4958
234 240 383 317 r’egrurm
410 216 598 309 curisti-ta
626 221 735 298 tertis
762 242 790 299 c.
821 217 966 305 XXIX.
1055 245 1131 319 253

106 442 129 478 ‚,
160 382 477 484 praesumtionem,
503 381 628 458 iudicis
646 381 714 460 Dei
737 383 922 485 obliquam
943 383 1141 464 misericor·

103 554 128 590 ,‚
159 500 279 580 diam,
312 500 356 568 ita
388 499 566 570 continuo
596 513 744 594 propter
774 500 939 572 vivorum
972 517 1136 575 mortuo·

105 666 128 702 „
161 602 312 704 turisque
352 605 551 682 sanctorum
597 610 689 704 piam
734 608 1022 684 recordationem
1066 610 1136 689 Dei

106 776 130 814 „
160 722 246 795 iram
271 714 404 816 passuro
431 742 505 792 non
531 719 694 818 plenam,
726 717 862 795 leforte
886 721 1031 809 confuse
1055 745 1137 822 poe.

105 887 129 925 „
160 836 290 916 niteat,
321 844 356 903 et
377 853 440 928 per
461 833 716 928 experientiam
739 827 843 907 fidem
864 831 993 918 discat,
1019 835 1063 909 ab
1083 839 1137 911 in-

105 1000 128 1037 „
160 943 262 1020 curl'u
289 939 412 1017 Alarici
433 947 548 1039 regis,
579 958 613 1017 et
635 941 765 1028 hostis,
796 941 854 1018 sed
874 943 1051 1021 christiani
1075 948 1138 1023 ali·

105 1053 335 1154 „quantulo
370 1052 413 1127 ad
445 1068 587 1152 tempus
619 1051 737 1151 spacio
771 1054 980 1149 differtut„.
1041 1057 1137 1152 Quae

105 1168 168 1243 hic
188 1165 293 1240 dilata
315 1164 505 1248 dicuntur,
534 1165 738 1241 acciderunt
755 1165 828 1244 lraec
851 1191 953 1244 nono
974 1167 1049 1249 Kal.
1071 1171 1134 1249 lul.

108 1278 263 1356 eiusdem
291 1278 396 1360 anni,
428 1299 504 1376 quo
531 1280 565 1351 in
593 1299 696 1353 corre.
720 1275 888 1376 Carthag.
909 1279 951 1354 ad
975 1279 1137 1373 Honori·
1209 1287 1214 1294 ’

108 1416 172 1468 um
200 1392 285 1486 imp.
306 1387 447 1463 decreta
473 1389 522 1464 est
548 1389 703 1486 legatio,
733 1388 778 1465 de
799 1413 867 1491 qua
894 1390 995 1490 supra
1020 1384 1145 1472 locuti'

109 1504 250 1584 sumus,
295 1501 338 1574 ed
365 1502 599 1576 obtinendam
628 1502 911 1578 retradetionem
936 1504 1042 1603 legis,
1074 1531 1137 1583 ne·

108 1617 190 1715 quis
214 1608 275 1687 nist
297 1611 402 1687 libera
424 1613 613 1689 voluntate
634 1613 826 1691 christianae
852 1615 1038 1713 religionis
1062 1617 1138 1695 cul-

109 1743 189 1804 tum
221 1710 498 1822 ampl'etleretur.
538 1723 682 1818 Quam
710 1725 874 1803 ethnicos
904 1728 995 1805 illius
1025 1734 1136 1807 etatis

108 1863 179 1940 pro
207 1836 418 1911 omnimoda
447 1835 608 1911 libertate
628 1829 852 1913 consdientiae
871 1838 1058 1936 accepisse,
1089 1864 1136 1920 ex
1184 1825 1196 1848 “

110 1950 276 2028 Zozimo
293 1946 464 2045 colligere
481 1946 593 2032 licet,
624 1947 711 2023 dum
731 1948 790 2024 lib.
812 1947 857 2023 V.
888 1950 1016 2037 tradit,
1047 1976 1138 2028 con.

109 2059 243 2140 cellum
271 2059 405 2135 aditum
433 2057 477 2135 ad
509 2059 701 2156 dignitates
730 2074 806 2135 turn
834 2059 1015 2148 forenses,
1056 2080 1136 2142 tum

110 2174 278 2251 militares
289 2173 333 2245 ab
350 2169 517 2247 Honorio
531 2171 721 2256 omnibus,
739 2186 873 2248 retenta
890 2171 947 2248 sua
961 2176 1137 2276 cuiusque

106 2286 303 2381 religione,
324 2299 432 2382 atque
451 2282 541 2357 adeo
559 2282 675 2379 legem
696 2307 750 2359 an.
768 2296 858 2373 408.
874 2296 933 2369 18.
948 2283 1022 2364 Kal.
1043 2280 1135 2366 Dec.

107 2403 323 2498 antiquatam
342 2451 351 2479 ,
371 2411 406 2468 et
426 2395 570 2509 qgidem
588 2399 637 2470 ob
656 2393 878 2472 Generidum
899 2399 1071 2494 gentilem
1093 2402 1138 2477 ab

109 2515 325 2609 imperatore
343 2504 549 2582 Dalmaticis
567 2507 770 2604 legionibus
795 2508 1008 2607 ptaefetlurn.
1109 2574 1113 2583 ,

195 2662 304 2743 Tunc
340 2670 495 2742 rrraxime
531 2666 782 2765 blasphemiam
818 2667 911 2743 illtnu
937 2671 1136 2767 ingemina-

110 2781 197 2856 bant
215 2777 388 2877 gentiles,
418 2777 507 2854 nralu
527 2779 603 2853 haec
622 2795 656 2853 et
682 2777 894 2854 calamitates
918 2782 1058 2856 nonnisi
1091 2781 1135 2860 ab

111 2892 206 2967 iratis
247 2891 296 2964 ob
333 2891 545 2986 religionem
585 2889 805 2964 christianum
843 2887 909 2966 diis
958 2892 1135 2971 immissas.

113 3004 236 3097 Quam
266 3006 315 3077 ob
341 3026 414 3075 rem
438 2999 662 3078 Victorianus
693 3021 749 3100 ep.
783 3017 868 3075 ιιι.
908 3001 942 3079 S.
969 3003 1138 3102 Augusti·

113 3135 201 3191 num
227 3130 356 3210 rogat,
388 3111 448 3186 fibi
471 3116 657 3214 proponi,
688 3132 766 3213 quse
790 3114 834 3188 ad
856 3113 1050 3190 calumnias
1075 3117 1137 3196 has

112 3238 325 3324 reponeret,
368 3220 468 3322 quod
495 3224 640 3323 copiose
663 3225 747 3302 fecit
771 3225 804 3302 S.
822 3221 965 3302 Dotior
991 3227 1072 3304 alias
1100 3232 1137 3308 in

112 3339 178 3414 suis
212 3337 315 3412 etiarn
338 3335 581 3413 sermonibus:
619 3355 654 3411 et
675 3332 793 3436 postea
819 3337 940 3414 absens
966 3363 1020 3438 ep.
1050 3357 1137 3418 122.

112 3451 156 3525 ad
179 3446 431 3546 Hipponenses
454 3448 534 3522 suos
557 3453 672 3545 tangit
703 3448 793 3524 hanc
819 3433 914 3535 rein,
946 3453 1067 3551 estque
1085 3473 1140 3529 ar.

111 3582 328 3659 gementum
360 3560 531 3635 sermonis
551 3559 594 3634 tle'
620 3557 718 3634 urbis
747 3561 913 3646 excidio,
959 3566 1021 3637 ubl
1045 3566 1139 3642 inter

111 3672 174 3750 aliu
189 3698 197 3746 ε
214 3663 251 3760 n)
279 3729 299 3762 ‚,
317 3667 503 3748 Horrenda
519 3668 609 3771 (ait)
626 3672 729 3747 nobis
745 3728 754 3756 ,
773 3676 933 3749 nuntiata
951 3669 1041 3761 sunt,
1058 3676 1141 3754 stra·

111 3838 133 3876 „
163 3809 226 3884 ges
251 3783 368 3868 satia,
412 3783 601 3870 incendia,
647 3787 808 3884 rapinae,
850 3784 1137 3876 interfodiunes,

110 3898 449 3991 „excruciationes
478 3895 682 3975 bominum.
741 3892 880 3974 Verum
910 3900 981 3984 ell,
1028 3899 1138 3977 ruolta

894 4064 920 4104 „
948 4009 1083 4089 audiri·

152 4108 186 4190 rr)
208 4106 245 4178 T.
264 4103 313 4176 it.
336 4130 366 4191 p.
391 4119 460 4191 ⁶23.
484 4129 517 4214 n.
544 4129 571 4195 ς.
593 4130 624 4193 p.
648 4114 718 4187 624.
