2506 4958
231 269 384 352 ragnum
405 200 728 339 eminentiorum
750 263 779 329 t.
795 242 975 332 Xless.
1045 272 1128 354 227

166 411 267 494 Idem
297 413 335 506 u)
357 417 394 492 in
409 427 518 515 caput
536 405 641 492 xlll.
660 428 726 504 42.
745 403 893 502 Romae,
937 406 1039 518 quud
1065 419 1124 500 su.

88 529 205 608 [linuit
237 526 445 614 Ierusalem.
489 523 602 602 satum
634 527 840 611 ominatur.
883 528 1072 630 postquam
1098 556 1121 613 u

88 638 258 746 pontifice
274 637 453 719 defecerit.
512 631 623 715 Addit
643 652 749 713 teto:
777 629 917 738 „Egm
947 643 1121 723 ricarium

88 808 104 848 u
133 755 315 830 summum
351 743 483 830 Christi
516 747 655 848 semper
684 737 888 826 Ecclesiam·
907 746 1119 832 habiturum

88 920 104 960 a
131 861 223 950 esse,
253 860 326 939 fine
350 861 419 939 ullu
442 854 670 939 dubitatione
695 853 897 947 confirmo.
927 874 1035 964 atque
1058 864 1121 944 hic

88 1031 108 1071 ‚,
137 975 293 1075 semper.
322 969 531 1073 ubicunque
555 967 620 1061 sit.
648 970 839 1072 episcopua
870 962 998 1052 Rumae
1024 980 1119 1066 erit,

88 1120 105 1181 r,
134 1082 268 1167 etiamst
294 1079 352 1163 illa
378 1085 523 1185 penitus
548 1082 665 1162 excisa
694 1079 783 1176 srt„.
853 1073 958 1162 Hanc
987 1104 1121 1188 nempe

88 1194 274 1279 Ecclesiam
300 1196 472 1295 sanguine
489 1194 553 1274 suu
577 1190 626 1274 D.
642 1188 768 1274 Petrus
787 1182 850 1272 lini
871 1192 1120 1298 consignavit.

88 1310 403 1411 consecravitque:
434 1319 539 1409 putat
568 1300 834 1393 nihilominus,
863 1306 1000 1397 claras,
1032 1334 1121 1413 quaa

88 1419 345 1521 Hierosolymis
363 1421 521 1521 accepit.
552 1413 756 1500 Christoin
780 1412 853 1496 fine
878 1418 1120 1521 resrguandan.
1152 1515 1154 1518 ¹

88 1530 215 1614 uranus
236 1529 394 1632 vtegas,
437 1529 500 1633 qui
522 1527 791 1609 commenmrlo
817 1533 855 1607 in
878 1524 992 1633 Apou
1011 1528 1120 1614 Xlll.

88 1667 159 1724 nun
190 1644 259 1723 sert
286 1642 475 1722 Dominici
508 1641 601 1718 Soto
626 1639 932 1732 distinctionem,
991 1664 1061 1745 qua
1090 1648 1121 1725 it

88 1754 327 1837 discessionem
345 1753 390 1832 ΙΙ.
423 1746 544 1830 Thess.
571 1746 613 1829 11.
643 1765 679 1828 2.
717 1743 924 1828 aRomano
963 1752 1122 1855 irnperio

88 1865 175 1951 uirili
203 1883 239 1943 et
273 1861 506 1942 eeclesiastico
533 1860 672 1950 sciscit,
703 1858 826 1962 postea
845 1877 966 1941 tamen
989 1858 1029 1955 b)
1046 1860 1149 1945 Ro·'

88 2002 181 2059 mana
211 1972 434 2077 Babylonem
472 1967 661 2074 profanam
698 1971 824 2063 olim,
880 1989 918 2052 et
944 1978 1122 2076 tempori.¹

88 2096 152 2171 laus
188 2086 385 2165 novissimis
428 2087 561 2164 iterum
605 2075 669 2162 sub
703 2080 922 2166 Antichristo
965 2100 1143 2173 matrem,

88 2201 367 2282 fornicationum
391 2199 563 2285 coniicit,
616 2192 883 2277 Tertullianum
921 2210 960 2276 et
988 2192 1123 2279 Hiero-

88 2334 236 2416 nymum
264 2314 376 2389 citans
401 2307 436 2400 r)
461 2307 565 2388 lllum
587 2302 753 2387 adversus
797 2305 972 2401 Iudaeot.
1019 2311 1122 2391 hunc

88 2431 122 2504 ln
155 2419 301 2527 epistola
321 2420 366 2501 ad
398 2418 571 2522 Algaliam
607 2419 741 2516 Quen
769 2436 799 2498 r.
824 2435 860 2500 et
879 2420 955 2501 sule
975 2425 1012 2500 ln
1043 2428 1122 2526 epi.

88 2536 173 2616 stole
200 2534 244 2613 ad
264 2528 485 2612 Marcellam.
514 2528 676 2633 Vultque
701 2531 829 2610 urbem
847 2523 1003 2613 Romam
1020 2555 1123 2614 etet.

88 2647 230 2728 tendam
246 2642 404 2724 adenem
421 2640 566 2743 regibus
582 2660 750 2744 tempore
764 2643 993 2740 Antichristi3
1023 2649 1122 2747 post.

88 2778 193 2864 quam
229 2750 336 2835 afide
361 2753 552 2840 defecerit.
584 2768 801 2856 potentem,
841 2769 878 2832 et
899 2753 1124 2857 opulentiffi·

88 2892 182 2951 mam
199 2867 381 2955 suturam,
415 2884 500 2944 eum
532 2858 654 2945 stane.
683 2863 812 2945 Rlbeta
838 2877 942 2967 putat
961 2861 1011 2957 d).
1040 2862 1123 2948 Nec

88 2983 225 3063 abludit
252 2973 343 3059 Lud.
365 2974 521 3065 Almlar,
553 2974 718 3081 quinon
746 2975 904 3067 dubitat,
935 2980 1025 3083 quin
1041 2979 1125 3082 post

88 3110 242 3193 regnum
280 3086 414 3171 Christi
442 3087 681 3167 millenarium
709 3086 746 3167 in
784 3082 855 3192 ipsa
877 3084 967 3169 urbe
1003 3083 1124 3171 Roma

88 3203 336 3286 ruferendum·
351 3194 393 3280 fit
423 3201 509 3300 lnge
533 3198 775 3292 sacrificium,
822 3215 860 3279 et
879 3202 1056 3305 quidquid
1077 3200 1124 3282 ad

88 3315 275 3420 publicum
324 3309 521 3392 christiana
571 3309 755 3412 religionis
801 3304 920 3394 usum
953 3318 1121 3416 pertinet.

88 3427 223 3510 duitor
246 3424 305 3504 hic
329 3421 364 3517 e)
388 3440 502 3505 totam
532 3418 768 3533 Apocalypsin
788 3423 833 3508 ud
864 3415 1125 3528 Hierusolymu

88 3541 515 3636 'comparationem-mna
552 3531 700 3625 Roma,
742 3550 782 3615 et
811 3535 921 3615 uulua
948 3535 1125 3617 felicitatis

88 3656 176 3737 euin
195 3647 409 3730 infelicitate
439 3646 583 3728 ulterius
611 3643 843 3728 collationem
870 3664 1038 3746 revocant
1058 3651 1125 3730 *im

597 3769 678 3860 1³2
1027 3790 1072 3862 nt

133 3953 311 4040 altura
373 3954 409 4034 ll
431 3971 460 4038 n·
483 3964 555 4038 ⁷7⁶·
619 3954 790 4108 elssaan
855 3955 1036 4045 nrum.

88 4061 91 4125 l
134 4053 166 4128 a)
186 4043 222 4110 ln
244 4045 412 4125 nponnap.
434 4039 520 4113 xltu
542 4059 591 4122 ¹4·
613 4039 660 4108 Xl
686 4087 696 4110 .
719 4060 750 4112 n.
770 4058 818 4126 tr.
840 4058 871 4127 p.
888 4053 960 4126 eru
