2506 4958
236 245 386 323 regnum
404 216 535 313 Charisi
550 223 596 303 iu
604 220 771 307 nnuc.
792 215 910 301 XLV.
1026 244 1108 319 ¹4>

62 414 104 468 re
124 390 256 470 merito
285 385 460 467 Romanae
481 386 586 473 sedi,
609 382 822 467 huiusmodi
843 407 913 483 pro
932 395 1012 463 tola
1033 382 1102 465 Eo-

61 498 164 581 clella
184 505 221 577 in
245 499 279 576 se
302 498 502 598 suscipienti
525 521 628 583 curas
661 513 700 584 ec
728 495 897 575 laborese
935 499 1102 599 quando·

60 611 349 715 quidemipsum
363 634 468 687 cunc.
486 606 690 697 Rufileeuse,
703 622 897 711 antequam
908 608 1102 689 huiusmo-

63 726 102 803 di
131 725 437 823 congregationes
468 719 580 799 elsent
602 721 798 808 institutae,
845 720 932 799 loco
955 736 1102 803 annate-

62 862 147 914 rurn
184 833 474 936 prospiciendum
515 832 653 911 censuit
701 832 878 911 Romana
913 837 1021 913 curiae
1053 835 1101 913 de

63 947 224 1026 subsidiis
251 949 485 1046 pecuniarum
511 948 561 1023 ob
582 943 774 1044 expensas.
805 947 1100 1035 incomnrunem

63 1058 227 1141 Ecclesia
259 1058 448 1137 utilitatem
474 1055 603 1135 Romae
632 1056 707 1133 lieri
734 1054 863 1134 solitas
922 1055 965 1135 ld
999 1061 1101 1159 equi-

63 1173 148 1248 dem
173 1172 428 1271 episcoporurn
453 1170 524 1257 est,
554 1192 638 1246 cum
668 1192 747 1247 nun
780 1171 905 1247 omnia
927 1173 1101 1249 omnibus

65 1285 236 1363 locorum
266 1298 302 1358 et
329 1282 405 1359 aliis
432 1280 705 1361 circumstantiis
735 1296 970 1379 congruant,
1026 1282 1102 1362 lroc

64 1395 288 1499 perpendere
304 1396 340 1469 in
364 1392 538 1495 rescriptis
563 1395 670 1471 etlam
691 1392 909 1493 pontificiis,
939 1392 1042 1472 bullis
1058 1418 1103 1475 ac

62 1508 255 1593 brevibus,
291 1505 335 1583 ad
365 1504 534 1584 decenter
560 1505 827 1606 suggerendum
861 1502 1104 1605 pontifici,s1
1143 1514 1146 1520 '

63 1643 144 1721 que
161 1616 338 1698 obstacula
355 1634 416 1694 aut
432 1614 657 1697 difficultates
671 1616 866 1721 singulares
883 1618 1105 1709 obveniant.

63 1726 177 1841 prout
203 1731 343 1809 dudum
358 1728 560 1809 Alexander
583 1728 644 1810 lll.
676 1729 719 1805 ad
741 1727 896 1829 archiep.
914 1724 1110 1813 Rauenna.

62 1861 138 1924 tem
161 1840 354 1941 rescripfit,
386 1841 610 1941 habeturque
636 1836 677 1928 u)
702 1841 739 1919 in
764 1863 921 1940 corpore
941 1844 1028 1918 iuris
1044 1866 1104 1949 ca-

61 1959 215 2032 nunici:
244 2011 266 2043 „
281 1950 502 2045 Qualitatenr
527 1948 689 2050 negotii,
714 1974 785 2051 pro
807 1974 883 2052 quo
900 1952 965 2029 tibi
983 1952 1103 2037 scribi·

59 2121 87 2162 „
117 2084 200 2151 tur,
232 2063 424 2162 diligenter
443 2061 697 2151 considerans,
726 2079 787 2143 aut
805 2062 1013 2141 mandatum
1034 2087 1105 2142 no·

63 2235 91 2283 „
118 2177 228 2254 strum
274 2175 466 2275 diligenter
496 2174 728 2277 adimplear,
780 2190 843 2255 aut
871 2199 935 2276 per
968 2164 1109 2283 litterar:

62 2347 90 2383 „
120 2307 218 2376 tuas,
253 2312 363 2390 quare
381 2287 578 2390 adimplere
596 2310 673 2366 non
694 2286 821 2389 possus,
851 2287 1110 2367 rationabilem.

62 2459 91 2495 „
118 2402 255 2479 causam
278 2401 474 2502 praeteudas
492 2457 525 2493 „.
585 2399 702 2482 Reus
720 2400 796 2479 hac
829 2398 946 2487 liunt,
978 2397 1003 2476 fi
1034 2403 1103 2479 rite

67 2515 303 2591 observentur
327 2513 427 2612 leges
452 2516 724 2591 communionis
742 2514 924 2612 potestatis
941 2510 1103 2591 ccclesia·

66 2627 162 2702 ssicae
189 2628 281 2703 inter
303 2624 463 2702 sunnnos
492 2622 650 2701 Ecclefiae
676 2623 864 2722 pastores,
890 2622 1111 2723 pontificem¹

66 2756 104 2814 er
125 2737 335 2834 episcopos;
366 2738 429 2835 qui
457 2750 575 2810 tamen
593 2733 656 2811 fibi
679 2750 827 2812 caveant
848 2734 1041 2835 prasertim
1065 2736 1103 2813 iu
1144 2831 1146 2835 Ι

66 2849 176 2926 rebus
216 2848 360 2923 maioris
403 2849 616 2934 momenti,
677 2843 748 2923 five
794 2849 842 2923 ud
881 2836 1144 2947 disciplinam

67 2958 331 3042 universalem,
379 2959 554 3056 imprimis
589 2981 675 3035 vero
706 2950 880 3057 dogmata
919 2975 953 3034 er
994 2956 1114 3053 fidem.

66 3069 249 3157 Ecclesiae,
282 3073 458 3156 attinent,
490 3094 534 3146 ne
551 3071 634 3147 inde
664 3070 828 3172 exempla
855 3066 1015 3158 sumant,
1037 3093 1104 3147 un.

70 3185 118 3262 de
154 3185 279 3285 potius
309 3184 492 3259 absterreri
519 3181 672 3259 debeant
698 3182 776 3281 ipio
808 3182 893 3260 cleri
926 3178 1104 3261 Gallicani

68 3297 275 3396 exemplo,
325 3297 390 3396 qui
414 3293 487 3371 hoc
519 3293 635 3373 seculo
674 3291 850 3370 farisiam
884 3293 1104 3395 perpendit,

71 3432 182 3505 quum
204 3406 293 3482 male
312 3421 486 3506 praetextu
502 3407 705 3484 libertatum
729 3400 891 3485 Ecclesia
912 3405 1107 3485 Gallicanae

74 3520 229 3595 maiores
249 3518 296 3596 sui
319 3536 491 3617 vergente
506 3517 623 3596 seculo
645 3517 826 3617 superiore
842 3517 904 3595 sibi
919 3515 1108 3595 consulue-

74 3634 172 3707 rint:
204 3630 304 3730 quod
328 3631 427 3706 valde
447 3630 647 3708 verendum
664 3629 740 3716 est,
771 3653 817 3707 ne
832 3629 927 3705 idem
946 3628 1115 3729 aliquan-A

76 3745 128 3821 do
158 3746 195 3819 irr
226 3739 419 3821 Germania
451 3747 652 3839 contingat.
711 3739 959 3845 Antiquilfima
999 3744 1107 3820 etiam

580 3852 667 3945 Ke
889 3852 1056 3955 exempla

122 4015 158 4089 a)
179 4012 211 4076 C.
236 4032 263 4090 ς.
286 4011 324 4074 de
339 4010 507 4093 Rescriptir.
