2506 4958
213 233 365 314 regnum
396 206 527 302 carim
552 213 593 290 in
615 215 736 294 terris.
766 237 796 294 e.
827 211 939 296 XIII.
1058 238 1112 315 71

57 433 78 471 ,‚
103 400 271 465 cornua,
303 400 383 478 quae
403 373 518 454 vidisti
555 377 591 453 in
624 378 756 465 bestia,
784 376 820 454 hi
844 378 971 459 odient
997 378 1113 460 forni-

55 547 78 584 „
107 494 261 567 cariam:
280 489 551 575 Fornicariam,
581 492 657 578 ait,
688 488 848 570 Romam
870 509 999 583 vocat,
1029 519 1111 596 qoae

56 657 79 698 „
109 628 179 704 pro
206 598 415 679 defenfione
445 599 616 679 falsorum
648 602 801 680 deorum
824 601 949 685 Deum
969 628 1110 687 creato.

54 772 77 810 „
108 741 185 792 rem
217 717 318 793 suum
353 712 639 814 persequebatur.
702 712 842 795 Decem
877 720 997 820 itaque
1026 744 1111 799 cor·-
1210 702 1215 719 ⁶

55 885 78 923 „
110 853 181 905 nua
211 829 300 904 odio
328 825 534 909 habuerunt
562 826 821 915 fornicariam,
852 832 1001 930 quando
1019 857 1111 932 gera.

56 997 79 1036 „
110 957 164 1018 ter
189 963 268 1041 quae
295 939 507 1031 perdecem
543 963 681 1017 cornua
707 939 896 1044 defiguatae
925 947 1034 1034 sunt,
1064 946 1110 1026 ad

57 1110 80 1149 „
111 1051 370 1131 destruendum
392 1049 601 1135 Romanum
623 1055 815 1150 imperium
836 1078 933 1131 arma
954 1054 1112 1158 sumpse·

57 1222 81 1261 ‚,
113 1180 208 1245 runt.
266 1161 409 1249 Eiram
428 1162 468 1238 rie
485 1162 810 1248 eisdemcornibm:
840 1162 944 1244 Deus
959 1169 1110 1250 deditio

56 1335 81 1372 ,‚
110 1277 223 1361 corda
244 1299 395 1362 eorum.
415 1275 537 1360 idest,
560 1274 739 1376 permisrt,
764 1293 805 1361 ut
826 1277 976 1367 iaciant,
1006 1283 1111 1384 quod

56 1446 80 1485 „
111 1390 163 1467 illi
191 1388 454 1499 beneplacitum
480 1387 562 1476 est
619 1405 656 1465 et
680 1390 781 1489 quod
816 1391 1024 1489 praedictum
1061 1394 1113 1476 est

58 1528 132 1597 „a
151 1499 388 1602 prophetis
357 1525 455 1586 erus,
486 1516 522 1576 et
539 1499 740 1630 Apostolis,
761 1525 823 1609 qur
817 1504 1111 1633 predixerunt,

58 1671 82 1716 ‚‚
110 1614 216 1716 quod
243 1613 395 1712 potestas
425 1609 624 1697 Romani'
615 1616 756 1712 imperii
783 1615 828 1691 ab
866 1619 915 1693 eIs
937 1620 1111 1715 gentibue

60 1783 85 1825 „
115 1723 201 1804 effet
234 1723 457 1811 destruenda.
521 1723 621 1808 Tunc
639 1723 672 1818 f
671 1724 708 1801 br
742 1723 890 1814 obiicit,
921 1727 992 1806 Sed
1016 1731 1113 1812 dicet

60 1895 85 1933 ,‚
113 1840 273 1947 aliquis:
329 1835 537 1939 Quomodo
568 1861 629 1937 pet
664 1837 850 1921 mulierem
883 1846 1110 1923 meretricem

58 1950 273 2054 „Romani
312 1947 577 2048 defigoantur,
631 1971 715 2033 cum
750 1947 818 2031 illis
852 1956 1110 2050 temporibus.

58 2061 263 2167 „quando
280 2059 336 2147 he
360 2077 489 2161 gentes
518 2059 669 2142 diversas
686 2060 802 2137 clades
829 2066 953 2159 generi
985 2063 1113 2144 huma·

60 2232 84 2275 ,
114 2201 166 2252 no
201 2173 435 2266 intulerunt,
486 2169 644 2260 Romani
686 2171 865 2259 christiani
898 2176 1114 2258 extiterint?

60 2286 171 2383 „Ad
195 2284 298 2415 qood
324 2309 392 2371 nos
417 2308 455 2371 te
458 2283 714 2385 s,pondemus
738 2287 820 2386 quia
837 2308 901 2385 per
921 2289 1110 2372 mulierem
1226 2306 1232 2337 t

60 2456 85 2502 ,‚
116 2401 342 2485 meretricem
374 2421 450 2479 oon
483 2396 609 2486 electi,
654 2400 717 2498 qui
753 2421 799 2481 ex
834 2399 961 2479 eadem
1000 2420 1113 2500 gente·

61 2515 289 2605 ‚Mfuerunt
319 2509 601 2607 intelliguntur
633 2512 769 2611 quique
802 2515 929 2589 mundi
955 2512 1112 2612 gloriam

62 2681 87 2728 „
118 2648 187 2726 pro
215 2647 340 2700 amore
365 2621 490 2724 gloria
520 2621 675 2706 coelestis
702 2622 872 2707 contenis
867 2641 1007 2714 erunt,
1053 2627 1114 2706 sed

63 2794 88 2841 „
119 2738 287 2839 reprobi,
309 2732 377 2818 [ite
398 2736 554 2833 pagani,
585 2731 653 2811 srve
672 2731 850 2808 christiani
868 2734 1011 2815 fuerint
1070 2738 1118 2818 11.

64 2907 89 2944 ‚‚
119 2848 243 2931 lorum
269 2869 362 2945 ergo
388 2845 544 2945 potestas
577 2845 621 2926 ab
643 2844 710 2920 illm
737 2846 908 2942 gentibus
944 2849 1118 2928 destructa

63 3018 88 3065 „
117 2962 197 3046 est,
245 2962 309 3061 qui
345 2961 454 3068 impia
482 2957 733 3042 dominatione
763 2980 881 3056 genus
914 2957 1117 3042 humanum

66 3129 91 3177 ,‚
121 3073 347 3183 erpmebant‚

71 3270 1114 3346 ΕΜ

222 3313 1113 3341 *ὴη---ι--ι-ι--υ-ι--ι--η

376 3447 410 3537 C
442 3472 466 3525 a
496 3472 517 3528 ι
548 3471 572 3529 υ
602 3471 629 3524 τ
687 3445 820 3535 XIV.

332 3608 487 3717 Babylon
521 3607 710 3712 septicoiiis
743 3609 866 3689 Roma.

69 3763 198 3946 Hac
219 3777 333 3876 igitur
360 3774 409 3904 eii
439 3775 643 3903 meretric,
688 3795 731 3902 ac
761 3771 921 3875 Babylon
942 3776 988 3906 'io
1019 3775 1076 3853 illa
1095 3775 1123 3856 t.
1220 3896 1230 3905 .

174 3889 252 3969 Pet
281 3886 328 3968 V.
357 3887 428 3967 filra
447 3885 642 3990 Babyloms
666 3884 756 3966 drtta
777 3887 967 3989 prophetas
994 3905 1030 3965 et
1063 3888 1123 3968 SS.

572 4044 604 4126 B
632 4067 660 4143 4
1008 4047 1076 4134 Pa.
