<?xml version="1.0" encoding="UTF-8"?>
<!DOCTYPE html PUBLIC "-//W3C//DTD XHTML 1.0 Transitional//EN"
    "http://www.w3.org/TR/xhtml1/DTD/xhtml1-transitional.dtd">
<html xmlns="http://www.w3.org/1999/xhtml" xml:lang="en" lang="en">
 <head>
  <title>
</title>
<meta http-equiv="Content-Type" content="text/html;charset=utf-8" />
  <meta name='ocr-system' content='tesseract 3.04.00' />
  <meta name='ocr-capabilities' content='ocr_page ocr_carea ocr_par ocr_line ocrx_word'/>
</head>
<body>
  <div class='ocr_page' id='page_1' title='image "./ecclesiamilitan01gerbgoog_0262.png"; bbox 0 0 2512 4620; ppageno 0'>
   <div class='ocr_carea' id='block_1_1' title="bbox 246 206 1181 323">
    <p class='ocr_par' dir='ltr' id='par_1_1' title="bbox 246 206 1181 323">
     <span class='ocr_line' id='line_1_1' title="bbox 246 206 1181 323; baseline 0 -22"><span class='ocrx_word' id='word_1_1' title='bbox 246 240 400 322; x_wconf 80' lang='lat' dir='ltr'>reguum</span> <span class='ocrx_word' id='word_1_2' title='bbox 420 206 550 313; x_wconf 74' lang='lat' dir='ltr'>carini</span> <span class='ocrx_word' id='word_1_3' title='bbox 561 223 734 302; x_wconf 83' lang='lat' dir='ltr'>interris.</span> <span class='ocrx_word' id='word_1_4' title='bbox 756 220 993 315; x_wconf 76' lang='lat' dir='ltr'>cXXVIII.</span> <span class='ocrx_word' id='word_1_5' title='bbox 1068 242 1150 323; x_wconf 76' lang='lat'>239</span> <span class='ocrx_word' id='word_1_6' title='bbox 1178 296 1181 301; x_wconf 87' lang='lat'>.</span> 
     </span>
    </p>
   </div>
   <div class='ocr_carea' id='block_1_2' title="bbox 106 384 1153 825">
    <p class='ocr_par' dir='ltr' id='par_1_2' title="bbox 106 384 1153 825">
     <span class='ocr_line' id='line_1_2' title="bbox 106 384 1153 492; baseline 0 -23"><span class='ocrx_word' id='word_1_7' title='bbox 106 384 304 469; x_wconf 82' lang='lat' dir='ltr'>Eccleiirnn</span> <span class='ocrx_word' id='word_1_8' title='bbox 330 408 373 463; x_wconf 91' lang='lat' dir='ltr'>ac</span> <span class='ocrx_word' id='word_1_9' title='bbox 404 386 568 464; x_wconf 85' lang='lat' dir='ltr'>intestina</span> <span class='ocrx_word' id='word_1_10' title='bbox 602 384 667 483; x_wconf 80' lang='lat' dir='ltr'>iub</span> <span class='ocrx_word' id='word_1_11' title='bbox 701 385 782 487; x_wconf 85' lang='lat' dir='ltr'>ipiis</span> <span class='ocrx_word' id='word_1_12' title='bbox 811 386 1007 467; x_wconf 88' lang='lat' dir='ltr'>christianis</span> <span class='ocrx_word' id='word_1_13' title='bbox 1036 391 1153 492; x_wconf 84' lang='lat' dir='ltr'>impe-</span> 
     </span>
     <span class='ocr_line' id='line_1_3' title="bbox 107 497 1152 603; baseline -0.001 -22"><span class='ocrx_word' id='word_1_14' title='bbox 107 501 294 581; x_wconf 82' lang='lat' dir='ltr'>ratoribus</span> <span class='ocrx_word' id='word_1_15' title='bbox 325 497 442 584; x_wconf 87' lang='lat' dir='ltr'>mala,</span> <span class='ocrx_word' id='word_1_16' title='bbox 475 515 594 577; x_wconf 84' lang='lat' dir='ltr'>vetera</span> <span class='ocrx_word' id='word_1_17' title='bbox 620 497 767 577; x_wconf 80' lang='lat' dir='ltr'>riciffim</span> <span class='ocrx_word' id='word_1_18' title='bbox 797 516 924 579; x_wconf 88' lang='lat' dir='ltr'>contra</span> <span class='ocrx_word' id='word_1_19' title='bbox 952 502 1152 603; x_wconf 84' lang='lat' dir='ltr'>rempubli-</span> 
     </span>
     <span class='ocr_line' id='line_1_4' title="bbox 106 608 1152 714; baseline 0.001 -22"><span class='ocrx_word' id='word_1_20' title='bbox 106 636 220 701; x_wconf 92' lang='lat' dir='ltr'>cam,</span> <span class='ocrx_word' id='word_1_21' title='bbox 252 612 455 712; x_wconf 85' lang='lat' dir='ltr'>urbemque</span> <span class='ocrx_word' id='word_1_22' title='bbox 473 608 631 688; x_wconf 83' lang='lat' dir='ltr'>Romam</span> <span class='ocrx_word' id='word_1_23' title='bbox 655 610 900 704; x_wconf 88' lang='lat' dir='ltr'>invalescunt,</span> <span class='ocrx_word' id='word_1_24' title='bbox 932 619 1152 714; x_wconf 68' lang='lat' dir='ltr'>emergenti</span> 
     </span>
     <span class='ocr_line' id='line_1_5' title="bbox 106 716 772 825; baseline -0.003 -21"><span class='ocrx_word' id='word_1_25' title='bbox 106 727 180 804; x_wconf 84' lang='lat' dir='ltr'>bus</span> <span class='ocrx_word' id='word_1_26' title='bbox 205 725 368 825; x_wconf 87' lang='lat' dir='ltr'>undique</span> <span class='ocrx_word' id='word_1_27' title='bbox 389 724 571 812; x_wconf 87' lang='lat' dir='ltr'>barbaris,</span> <span class='ocrx_word' id='word_1_28' title='bbox 602 716 772 823; x_wconf 82' lang='lat' dir='ltr'>pericula.</span> 
     </span>
    </p>
   </div>
   <div class='ocr_carea' id='block_1_3' title="bbox 194 854 1155 986">
    <p class='ocr_par' dir='ltr' id='par_1_3' title="bbox 194 854 1155 986">
     <span class='ocr_line' id='line_1_6' title="bbox 194 854 1155 986; baseline -0.001 -20"><span class='ocrx_word' id='word_1_29' title='bbox 194 854 257 966; x_wconf 83' lang='lat' dir='ltr'>De</span> <span class='ocrx_word' id='word_1_30' title='bbox 273 882 483 963; x_wconf 81' lang='lat' dir='ltr'>calamitoiis</span> <span class='ocrx_word' id='word_1_31' title='bbox 502 882 558 963; x_wconf 92' lang='lat' dir='ltr'>his</span> <span class='ocrx_word' id='word_1_32' title='bbox 577 885 805 986; x_wconf 81' lang='lat' dir='ltr'>temporibus</span> <span class='ocrx_word' id='word_1_33' title='bbox 824 884 943 964; x_wconf 78' lang='lat' dir='ltr'>scribit</span> <span class='ocrx_word' id='word_1_34' title='bbox 959 882 998 977; x_wconf 86' lang='lat' dir='ltr'>n)</span> <span class='ocrx_word' id='word_1_35' title='bbox 1017 884 1052 965; x_wconf 87' lang='lat' dir='ltr'>S.</span> <span class='ocrx_word' id='word_1_36' title='bbox 1065 880 1155 965; x_wconf 66' lang='lat' dir='ltr'>Hio</span> 
     </span>
    </p>
   </div>
   <div class='ocr_carea' id='block_1_4' title="bbox 100 995 1253 4023">
    <p class='ocr_par' dir='ltr' id='par_1_4' title="bbox 100 995 1253 2111">
     <span class='ocr_line' id='line_1_7' title="bbox 105 995 1195 1102; baseline -0.002 -25"><span class='ocrx_word' id='word_1_37' title='bbox 105 1022 314 1102; x_wconf 83' lang='lat' dir='ltr'>ronymus3</span> <span class='ocrx_word' id='word_1_38' title='bbox 353 995 531 1093; x_wconf 85' lang='lat' dir='ltr'>„Horret</span> <span class='ocrx_word' id='word_1_39' title='bbox 558 998 725 1085; x_wconf 89' lang='lat' dir='ltr'>animus,</span> <span class='ocrx_word' id='word_1_40' title='bbox 768 1011 980 1098; x_wconf 89' lang='lat' dir='ltr'>temporum</span> <span class='ocrx_word' id='word_1_41' title='bbox 1008 999 1153 1077; x_wconf 87' lang='lat' dir='ltr'>nostro·</span> <span class='ocrx_word' id='word_1_42' title='bbox 1189 1084 1195 1101; x_wconf 38' lang='lat'>¹</span> 
     </span>
     <span class='ocr_line' id='line_1_8' title="bbox 103 1106 1152 1213; baseline -0.002 -24"><span class='ocrx_word' id='word_1_43' title='bbox 103 1168 128 1207; x_wconf 87' lang='lat'>„</span> <span class='ocrx_word' id='word_1_44' title='bbox 159 1137 244 1192; x_wconf 88' lang='lat' dir='ltr'>rum</span> <span class='ocrx_word' id='word_1_45' title='bbox 270 1115 388 1190; x_wconf 88' lang='lat' dir='ltr'>ruinas</span> <span class='ocrx_word' id='word_1_46' title='bbox 407 1108 580 1209; x_wconf 86' lang='lat' dir='ltr'>persequi.</span> <span class='ocrx_word' id='word_1_47' title='bbox 639 1106 782 1209; x_wconf 87' lang='lat' dir='ltr'>Viginti</span> <span class='ocrx_word' id='word_1_48' title='bbox 800 1127 837 1187; x_wconf 86' lang='lat' dir='ltr'>et</span> <span class='ocrx_word' id='word_1_49' title='bbox 855 1134 900 1189; x_wconf 88' lang='lat' dir='ltr'>eo</span> <span class='ocrx_word' id='word_1_50' title='bbox 915 1108 1069 1213; x_wconf 85' lang='lat' dir='ltr'>amplius</span> <span class='ocrx_word' id='word_1_51' title='bbox 1086 1134 1152 1188; x_wconf 88' lang='lat' dir='ltr'>an-</span> 
     </span>
     <span class='ocr_line' id='line_1_9' title="bbox 107 1218 1155 1327; baseline -0.009 -26"><span class='ocrx_word' id='word_1_52' title='bbox 107 1280 132 1319; x_wconf 84' lang='lat'>„</span> <span class='ocrx_word' id='word_1_53' title='bbox 165 1229 203 1303; x_wconf 94' lang='lat' dir='ltr'>ni</span> <span class='ocrx_word' id='word_1_54' title='bbox 236 1228 340 1313; x_wconf 88' lang='lat' dir='ltr'>iunt,</span> <span class='ocrx_word' id='word_1_55' title='bbox 374 1221 477 1327; x_wconf 91' lang='lat' dir='ltr'>quod</span> <span class='ocrx_word' id='word_1_56' title='bbox 507 1223 603 1299; x_wconf 86' lang='lat' dir='ltr'>inter</span> <span class='ocrx_word' id='word_1_57' title='bbox 632 1218 1015 1326; x_wconf 85' lang='lat' dir='ltr'>Constantinopolim,</span> <span class='ocrx_word' id='word_1_58' title='bbox 1045 1237 1085 1301; x_wconf 90' lang='lat' dir='ltr'>et</span> <span class='ocrx_word' id='word_1_59' title='bbox 1104 1222 1155 1301; x_wconf 90' lang='lat' dir='ltr'>ai.</span> 
     </span>
     <span class='ocr_line' id='line_1_10' title="bbox 108 1329 1151 1439; baseline 0 -24"><span class='ocrx_word' id='word_1_60' title='bbox 108 1391 134 1433; x_wconf 86' lang='lat'>„</span> <span class='ocrx_word' id='word_1_61' title='bbox 167 1362 231 1437; x_wconf 85' lang='lat' dir='ltr'>pes</span> <span class='ocrx_word' id='word_1_62' title='bbox 254 1337 384 1426; x_wconf 80' lang='lat' dir='ltr'>lulius,</span> <span class='ocrx_word' id='word_1_63' title='bbox 414 1334 580 1439; x_wconf 80' lang='lat' dir='ltr'>quotidie</span> <span class='ocrx_word' id='word_1_64' title='bbox 604 1329 790 1413; x_wconf 85' lang='lat' dir='ltr'>Romanus</span> <span class='ocrx_word' id='word_1_65' title='bbox 809 1334 950 1437; x_wconf 81' lang='lat' dir='ltr'>sanguis</span> <span class='ocrx_word' id='word_1_66' title='bbox 975 1335 1151 1427; x_wconf 82' lang='lat' dir='ltr'>funditur.</span> 
     </span>
     <span class='ocr_line' id='line_1_11' title="bbox 104 1442 1154 1551; baseline -0.001 -25"><span class='ocrx_word' id='word_1_67' title='bbox 104 1442 145 1542; x_wconf 71' lang='lat'>„&#39;</span> <span class='ocrx_word' id='word_1_68' title='bbox 162 1450 373 1551; x_wconf 80' lang='lat' dir='ltr'>Scythiam,</span> <span class='ocrx_word' id='word_1_69' title='bbox 406 1446 622 1535; x_wconf 85' lang='lat' dir='ltr'>Thraciam,</span> <span class='ocrx_word' id='word_1_70' title='bbox 654 1443 942 1535; x_wconf 86' lang='lat' dir='ltr'>Macedoniam,</span> <span class='ocrx_word' id='word_1_71' title='bbox 974 1444 1154 1527; x_wconf 81' lang='lat' dir='ltr'>Dardani-</span> 
     </span>
     <span class='ocr_line' id='line_1_12' title="bbox 102 1556 1154 1665; baseline -0.001 -26"><span class='ocrx_word' id='word_1_72' title='bbox 102 1616 129 1655; x_wconf 89' lang='lat'>„</span> <span class='ocrx_word' id='word_1_73' title='bbox 160 1586 242 1650; x_wconf 88' lang='lat' dir='ltr'>am,</span> <span class='ocrx_word' id='word_1_74' title='bbox 272 1561 446 1652; x_wconf 87' lang='lat' dir='ltr'>Daciam,</span> <span class='ocrx_word' id='word_1_75' title='bbox 478 1556 793 1649; x_wconf 83' lang='lat' dir='ltr'>Theffaionicam,</span> <span class='ocrx_word' id='word_1_76' title='bbox 832 1560 1030 1647; x_wconf 79' lang='lat' dir='ltr'>Achaiam,</span> <span class='ocrx_word' id='word_1_77' title='bbox 1067 1556 1154 1665; x_wconf 87' lang='lat' dir='ltr'>Epi-</span> 
     </span>
     <span class='ocr_line' id='line_1_13' title="bbox 105 1667 1248 1773; baseline 0 -22"><span class='ocrx_word' id='word_1_78' title='bbox 105 1728 131 1766; x_wconf 92' lang='lat'>„</span> <span class='ocrx_word' id='word_1_79' title='bbox 164 1697 251 1769; x_wconf 84' lang='lat' dir='ltr'>ros,</span> <span class='ocrx_word' id='word_1_80' title='bbox 281 1674 520 1759; x_wconf 84' lang='lat' dir='ltr'>Dalmatiam.</span> <span class='ocrx_word' id='word_1_81' title='bbox 552 1670 766 1773; x_wconf 74' lang='lat' dir='ltr'>cannasque</span> <span class='ocrx_word' id='word_1_82' title='bbox 795 1667 1024 1761; x_wconf 86' lang='lat' dir='ltr'>Pannonias,</span> <span class='ocrx_word' id='word_1_83' title='bbox 1056 1670 1155 1751; x_wconf 87' lang='lat' dir='ltr'>Got-</span> <span class='ocrx_word' id='word_1_84' title='bbox 1245 1766 1248 1771; x_wconf 22' lang='lat'>¹</span> 
     </span>
     <span class='ocr_line' id='line_1_14' title="bbox 100 1772 1251 1879; baseline -0.009 -15"><span class='ocrx_word' id='word_1_85' title='bbox 100 1839 126 1879; x_wconf 90' lang='lat'>„</span> <span class='ocrx_word' id='word_1_86' title='bbox 164 1785 271 1875; x_wconf 90' lang='lat' dir='ltr'>thus,</span> <span class='ocrx_word' id='word_1_87' title='bbox 289 1788 469 1875; x_wconf 87' lang='lat' dir='ltr'>Sarmata,</span> <span class='ocrx_word' id='word_1_88' title='bbox 487 1780 668 1878; x_wconf 85' lang='lat' dir='ltr'>Quados,</span> <span class='ocrx_word' id='word_1_89' title='bbox 685 1784 839 1872; x_wconf 83' lang='lat' dir='ltr'>Alanus,</span> <span class='ocrx_word' id='word_1_90' title='bbox 855 1781 1010 1872; x_wconf 90' lang='lat' dir='ltr'>Hunni,</span> <span class='ocrx_word' id='word_1_91' title='bbox 1027 1780 1151 1862; x_wconf 82' lang='lat' dir='ltr'>Wan.</span> <span class='ocrx_word' id='word_1_92' title='bbox 1215 1772 1251 1873; x_wconf 54' lang='lat'>2&#39;·</span> 
     </span>
     <span class='ocr_line' id='line_1_15' title="bbox 105 1892 1253 1994; baseline 0 -19"><span class='ocrx_word' id='word_1_93' title='bbox 105 1952 131 1990; x_wconf 90' lang='lat'>„</span> <span class='ocrx_word' id='word_1_94' title='bbox 164 1896 259 1986; x_wconf 85' lang='lat' dir='ltr'>daii,</span> <span class='ocrx_word' id='word_1_95' title='bbox 300 1897 557 1978; x_wconf 83' lang='lat' dir='ltr'>Marcomanni</span> <span class='ocrx_word' id='word_1_96' title='bbox 592 1896 749 1981; x_wconf 81' lang='lat' dir='ltr'>vastant,</span> <span class='ocrx_word' id='word_1_97' title='bbox 790 1893 962 1982; x_wconf 89' lang='lat' dir='ltr'>trahunt,</span> <span class='ocrx_word' id='word_1_98' title='bbox 992 1898 1151 1994; x_wconf 87' lang='lat' dir='ltr'>rapiunt.</span> <span class='ocrx_word' id='word_1_99' title='bbox 1245 1892 1253 1907; x_wconf 57' lang='lat'><strong>⁴</strong></span> 
     </span>
     <span class='ocr_line' id='line_1_16' title="bbox 106 2002 1200 2111; baseline 0.004 -28"><span class='ocrx_word' id='word_1_100' title='bbox 106 2064 131 2103; x_wconf 84' lang='lat'><em>„</em></span> <span class='ocrx_word' id='word_1_101' title='bbox 164 2008 272 2105; x_wconf 85' lang='lat' dir='ltr'>Quot</span> <span class='ocrx_word' id='word_1_102' title='bbox 293 2031 490 2094; x_wconf 82' lang='lat' dir='ltr'>matronae.</span> <span class='ocrx_word' id='word_1_103' title='bbox 522 2022 614 2111; x_wconf 88' lang='lat' dir='ltr'>quot</span> <span class='ocrx_word' id='word_1_104' title='bbox 631 2008 789 2109; x_wconf 82' lang='lat' dir='ltr'>virgines</span> <span class='ocrx_word' id='word_1_105' title='bbox 810 2002 904 2095; x_wconf 86' lang='lat' dir='ltr'>Dei,</span> <span class='ocrx_word' id='word_1_106' title='bbox 934 2019 971 2085; x_wconf 89' lang='lat' dir='ltr'>et</span> <span class='ocrx_word' id='word_1_107' title='bbox 990 2009 1151 2107; x_wconf 84' lang='lat' dir='ltr'>ingenua</span> <span class='ocrx_word' id='word_1_108' title='bbox 1197 2016 1200 2021; x_wconf 86' lang='lat'>&#39;</span> 
     </span>
    </p>

    <p class='ocr_par' dir='ltr' id='par_1_5' title="bbox 102 2116 1209 3918">
     <span class='ocr_line' id='line_1_17' title="bbox 103 2116 1150 2226; baseline 0.002 -27"><span class='ocrx_word' id='word_1_109' title='bbox 103 2177 129 2215; x_wconf 92' lang='lat'>„</span> <span class='ocrx_word' id='word_1_110' title='bbox 159 2123 296 2202; x_wconf 89' lang='lat' dir='ltr'>nobilia</span> <span class='ocrx_word' id='word_1_111' title='bbox 332 2149 520 2226; x_wconf 90' lang='lat' dir='ltr'>corpora,</span> <span class='ocrx_word' id='word_1_112' title='bbox 568 2118 625 2199; x_wconf 90' lang='lat' dir='ltr'>his</span> <span class='ocrx_word' id='word_1_113' title='bbox 660 2120 788 2199; x_wconf 85' lang='lat' dir='ltr'>belluis</span> <span class='ocrx_word' id='word_1_114' title='bbox 822 2116 925 2197; x_wconf 85' lang='lat' dir='ltr'>fuere</span> <span class='ocrx_word' id='word_1_115' title='bbox 959 2119 1150 2207; x_wconf 70' lang='lat' dir='ltr'>ludibrioi,</span> 
     </span>
     <span class='ocr_line' id='line_1_18' title="bbox 103 2229 1151 2339; baseline 0 -26"><span class='ocrx_word' id='word_1_116' title='bbox 103 2288 128 2326; x_wconf 90' lang='lat'>„</span> <span class='ocrx_word' id='word_1_117' title='bbox 162 2235 269 2336; x_wconf 88' lang='lat' dir='ltr'>Capti</span> <span class='ocrx_word' id='word_1_118' title='bbox 296 2237 481 2339; x_wconf 85' lang='lat' dir='ltr'>episcopi,</span> <span class='ocrx_word' id='word_1_119' title='bbox 513 2233 687 2313; x_wconf 74' lang='lat' dir='ltr'>interfeiii</span> <span class='ocrx_word' id='word_1_120' title='bbox 715 2229 938 2336; x_wconf 79' lang='lat' dir='ltr'>presbyteri,</span> <span class='ocrx_word' id='word_1_121' title='bbox 968 2253 1005 2313; x_wconf 90' lang='lat' dir='ltr'>et</span> <span class='ocrx_word' id='word_1_122' title='bbox 1032 2234 1151 2313; x_wconf 83' lang='lat' dir='ltr'>diver-</span> 
     </span>
     <span class='ocr_line' id='line_1_19' title="bbox 102 2345 1147 2440; baseline 0.005 -18"><span class='ocrx_word' id='word_1_123' title='bbox 102 2402 127 2439; x_wconf 77' lang='lat'>„</span> <span class='ocrx_word' id='word_1_124' title='bbox 163 2347 282 2428; x_wconf 90' lang='lat' dir='ltr'>sorum</span> <span class='ocrx_word' id='word_1_125' title='bbox 315 2348 432 2427; x_wconf 90' lang='lat' dir='ltr'>officia</span> <span class='ocrx_word' id='word_1_126' title='bbox 463 2347 692 2430; x_wconf 89' lang='lat' dir='ltr'>clericorum.</span> <span class='ocrx_word' id='word_1_127' title='bbox 751 2345 932 2429; x_wconf 82' lang='lat' dir='ltr'>Subversae</span> <span class='ocrx_word' id='word_1_128' title='bbox 966 2347 1147 2440; x_wconf 84' lang='lat' dir='ltr'>ecclehae,</span> 
     </span>
     <span class='ocr_line' id='line_1_20' title="bbox 104 2460 1151 2566; baseline 0.005 -31"><span class='ocrx_word' id='word_1_129' title='bbox 104 2514 129 2552; x_wconf 89' lang='lat'>„</span> <span class='ocrx_word' id='word_1_130' title='bbox 166 2461 209 2536; x_wconf 89' lang='lat' dir='ltr'>ad</span> <span class='ocrx_word' id='word_1_131' title='bbox 241 2462 358 2539; x_wconf 85' lang='lat' dir='ltr'>altaria</span> <span class='ocrx_word' id='word_1_132' title='bbox 392 2463 524 2542; x_wconf 86' lang='lat' dir='ltr'>Christi</span> <span class='ocrx_word' id='word_1_133' title='bbox 553 2460 711 2541; x_wconf 89' lang='lat' dir='ltr'>stabulati</span> <span class='ocrx_word' id='word_1_134' title='bbox 734 2467 839 2566; x_wconf 86' lang='lat' dir='ltr'>equi,</span> <span class='ocrx_word' id='word_1_135' title='bbox 873 2475 1073 2562; x_wconf 85' lang='lat' dir='ltr'>martyrum</span> <span class='ocrx_word' id='word_1_136' title='bbox 1098 2463 1151 2540; x_wconf 85' lang='lat' dir='ltr'>ef·</span> 
     </span>
     <span class='ocr_line' id='line_1_21' title="bbox 104 2571 1146 2675; baseline 0.004 -27"><span class='ocrx_word' id='word_1_137' title='bbox 104 2626 128 2663; x_wconf 92' lang='lat'><em>„</em></span> <span class='ocrx_word' id='word_1_138' title='bbox 161 2571 258 2650; x_wconf 81' lang='lat' dir='ltr'>foffae</span> <span class='ocrx_word' id='word_1_139' title='bbox 278 2576 445 2675; x_wconf 83' lang='lat' dir='ltr'>re&#39;liqniae.</span> <span class='ocrx_word' id='word_1_140' title='bbox 486 2575 631 2675; x_wconf 90' lang='lat' dir='ltr'>Ubique</span> <span class='ocrx_word' id='word_1_141' title='bbox 650 2574 787 2663; x_wconf 72' lang='lat' dir='ltr'>luctus,</span> <span class='ocrx_word' id='word_1_142' title='bbox 818 2575 955 2674; x_wconf 87' lang='lat' dir='ltr'>ubique</span> <span class='ocrx_word' id='word_1_143' title='bbox 973 2579 1146 2673; x_wconf 81' lang='lat' dir='ltr'>gemitus,</span> 
     </span>
     <span class='ocr_line' id='line_1_22' title="bbox 104 2686 1148 2786; baseline 0.005 -26"><span class='ocrx_word' id='word_1_144' title='bbox 104 2737 129 2775; x_wconf 93' lang='lat'>„</span> <span class='ocrx_word' id='word_1_145' title='bbox 161 2701 197 2760; x_wconf 91' lang='lat' dir='ltr'>et</span> <span class='ocrx_word' id='word_1_146' title='bbox 227 2686 383 2784; x_wconf 88' lang='lat' dir='ltr'>piurima</span> <span class='ocrx_word' id='word_1_147' title='bbox 415 2691 543 2765; x_wconf 92' lang='lat' dir='ltr'>mortis</span> <span class='ocrx_word' id='word_1_148' title='bbox 579 2688 715 2786; x_wconf 81' lang='lat' dir='ltr'>image.</span> <span class='ocrx_word' id='word_1_149' title='bbox 776 2687 880 2781; x_wconf 86' lang='lat' dir='ltr'>Quid</span> <span class='ocrx_word' id='word_1_150' title='bbox 913 2704 1017 2786; x_wconf 86' lang='lat' dir='ltr'>putas</span> <span class='ocrx_word' id='word_1_151' title='bbox 1046 2711 1148 2765; x_wconf 92' lang='lat' dir='ltr'>nunc</span> 
     </span>
     <span class='ocr_line' id='line_1_23' title="bbox 102 2796 1209 2888; baseline 0.007 -18"><span class='ocrx_word' id='word_1_152' title='bbox 102 2850 127 2888; x_wconf 87' lang='lat'>„</span> <span class='ocrx_word' id='word_1_153' title='bbox 159 2799 269 2871; x_wconf 89' lang='lat' dir='ltr'>animi</span> <span class='ocrx_word' id='word_1_154' title='bbox 302 2797 431 2877; x_wconf 86' lang='lat' dir='ltr'>habere</span> <span class='ocrx_word' id='word_1_155' title='bbox 465 2798 705 2886; x_wconf 87' lang='lat' dir='ltr'>Corinthios,</span> <span class='ocrx_word' id='word_1_156' title='bbox 737 2797 996 2888; x_wconf 84' lang='lat' dir='ltr'>Athenienses,</span> <span class='ocrx_word' id='word_1_157' title='bbox 1029 2796 1149 2877; x_wconf 83' lang='lat' dir='ltr'>Lacae·</span> <span class='ocrx_word' id='word_1_158' title='bbox 1205 2840 1209 2847; x_wconf 57' lang='lat'><strong><em>¹</em></strong></span> 
     </span>
     <span class='ocr_line' id='line_1_24' title="bbox 102 2908 1146 3013; baseline 0.002 -30"><span class='ocrx_word' id='word_1_159' title='bbox 102 2962 127 3000; x_wconf 90' lang='lat'>„</span> <span class='ocrx_word' id='word_1_160' title='bbox 159 2910 387 3000; x_wconf 81' lang='lat' dir='ltr'>daemonios,</span> <span class='ocrx_word' id='word_1_161' title='bbox 433 2911 612 2997; x_wconf 84' lang='lat' dir='ltr'>Arcadas,</span> <span class='ocrx_word' id='word_1_162' title='bbox 660 2912 902 3013; x_wconf 76' lang='lat' dir='ltr'>cuntiamqne</span> <span class='ocrx_word' id='word_1_163' title='bbox 938 2908 1146 3000; x_wconf 83' lang='lat' dir='ltr'>Graeciam,</span> 
     </span>
     <span class='ocr_line' id='line_1_25' title="bbox 104 3020 1148 3124; baseline 0 -26"><span class='ocrx_word' id='word_1_164' title='bbox 104 3072 129 3112; x_wconf 92' lang='lat'>„</span> <span class='ocrx_word' id='word_1_165' title='bbox 162 3022 292 3121; x_wconf 90' lang='lat' dir='ltr'>quibus</span> <span class='ocrx_word' id='word_1_166' title='bbox 321 3024 499 3124; x_wconf 84' lang='lat' dir='ltr'>imperant</span> <span class='ocrx_word' id='word_1_167' title='bbox 527 3023 692 3101; x_wconf 82' lang='lat' dir='ltr'>barbari?</span> <span class='ocrx_word' id='word_1_168' title='bbox 733 3020 779 3102; x_wconf 91' lang='lat' dir='ltr'>Et</span> <span class='ocrx_word' id='word_1_169' title='bbox 806 3041 904 3103; x_wconf 88' lang='lat' dir='ltr'>certe</span> <span class='ocrx_word' id='word_1_170' title='bbox 932 3045 1061 3122; x_wconf 88' lang='lat' dir='ltr'>paucas</span> <span class='ocrx_word' id='word_1_171' title='bbox 1088 3046 1148 3100; x_wconf 88' lang='lat' dir='ltr'>ur·</span> 
     </span>
     <span class='ocr_line' id='line_1_26' title="bbox 104 3133 1147 3237; baseline 0.006 -29"><span class='ocrx_word' id='word_1_172' title='bbox 104 3186 129 3224; x_wconf 89' lang='lat'>„</span> <span class='ocrx_word' id='word_1_173' title='bbox 162 3133 222 3210; x_wconf 86' lang='lat' dir='ltr'>bes</span> <span class='ocrx_word' id='word_1_174' title='bbox 248 3138 456 3223; x_wconf 89' lang='lat' dir='ltr'>nominavi,</span> <span class='ocrx_word' id='word_1_175' title='bbox 488 3138 676 3237; x_wconf 85' lang='lat' dir='ltr'>inquibus</span> <span class='ocrx_word' id='word_1_176' title='bbox 704 3137 793 3214; x_wconf 91' lang='lat' dir='ltr'>olim</span> <span class='ocrx_word' id='word_1_177' title='bbox 814 3137 917 3217; x_wconf 85' lang='lat' dir='ltr'>fuere</span> <span class='ocrx_word' id='word_1_178' title='bbox 936 3158 1048 3236; x_wconf 88' lang='lat' dir='ltr'>regna</span> <span class='ocrx_word' id='word_1_179' title='bbox 1069 3158 1147 3214; x_wconf 93' lang='lat' dir='ltr'>non</span> 
     </span>
     <span class='ocr_line' id='line_1_27' title="bbox 105 3246 1150 3337; baseline 0.008 -17"><span class='ocrx_word' id='word_1_180' title='bbox 105 3296 130 3337; x_wconf 89' lang='lat'>„</span> <span class='ocrx_word' id='word_1_181' title='bbox 162 3247 315 3322; x_wconf 89' lang='lat' dir='ltr'>modica.</span> <span class='ocrx_word' id='word_1_182' title='bbox 374 3246 550 3325; x_wconf 82' lang='lat' dir='ltr'>immunis</span> <span class='ocrx_word' id='word_1_183' title='bbox 575 3251 619 3325; x_wconf 90' lang='lat' dir='ltr'>ab</span> <span class='ocrx_word' id='word_1_184' title='bbox 647 3250 702 3327; x_wconf 90' lang='lat' dir='ltr'>his</span> <span class='ocrx_word' id='word_1_185' title='bbox 728 3250 827 3328; x_wconf 90' lang='lat' dir='ltr'>malis</span> <span class='ocrx_word' id='word_1_186' title='bbox 850 3250 1038 3329; x_wconf 85' lang='lat' dir='ltr'>videbatur</span> <span class='ocrx_word' id='word_1_187' title='bbox 1061 3246 1150 3328; x_wconf 88' lang='lat' dir='ltr'>Ori-</span> 
     </span>
     <span class='ocr_line' id='line_1_28' title="bbox 104 3360 1150 3448; baseline 0.012 -18"><span class='ocrx_word' id='word_1_188' title='bbox 104 3410 129 3448; x_wconf 90' lang='lat'><strong>„</strong></span> <span class='ocrx_word' id='word_1_189' title='bbox 162 3382 246 3443; x_wconf 86' lang='lat' dir='ltr'>ens,</span> <span class='ocrx_word' id='word_1_190' title='bbox 278 3371 315 3435; x_wconf 88' lang='lat' dir='ltr'>et</span> <span class='ocrx_word' id='word_1_191' title='bbox 342 3373 481 3437; x_wconf 90' lang='lat' dir='ltr'>tantum</span> <span class='ocrx_word' id='word_1_192' title='bbox 506 3364 647 3440; x_wconf 87' lang='lat' dir='ltr'>nunciis</span> <span class='ocrx_word' id='word_1_193' title='bbox 673 3363 932 3444; x_wconf 85' lang='lat' dir='ltr'>consternatus.</span> <span class='ocrx_word' id='word_1_194' title='bbox 992 3360 1085 3441; x_wconf 82' lang='lat' dir='ltr'>Ecce</span> <span class='ocrx_word' id='word_1_195' title='bbox 1104 3368 1150 3443; x_wconf 90' lang='lat' dir='ltr'>ti·</span> 
     </span>
     <span class='ocr_line' id='line_1_29' title="bbox 105 3471 1147 3571; baseline 0.012 -27"><span class='ocrx_word' id='word_1_196' title='bbox 105 3522 130 3560; x_wconf 90' lang='lat'>„</span> <span class='ocrx_word' id='word_1_197' title='bbox 163 3471 197 3545; x_wconf 91' lang='lat' dir='ltr'>bi</span> <span class='ocrx_word' id='word_1_198' title='bbox 218 3495 314 3547; x_wconf 88' lang='lat' dir='ltr'>anno</span> <span class='ocrx_word' id='word_1_199' title='bbox 336 3474 517 3571; x_wconf 86' lang='lat' dir='ltr'>praeterito</span> <span class='ocrx_word' id='word_1_200' title='bbox 538 3471 671 3569; x_wconf 85' lang='lat'>(395)</span> <span class='ocrx_word' id='word_1_201' title='bbox 694 3498 739 3553; x_wconf 87' lang='lat' dir='ltr'>ex</span> <span class='ocrx_word' id='word_1_202' title='bbox 760 3475 895 3554; x_wconf 83' lang='lat' dir='ltr'>ultimis</span> <span class='ocrx_word' id='word_1_203' title='bbox 922 3475 1067 3557; x_wconf 79' lang='lat' dir='ltr'>eaucafi</span> <span class='ocrx_word' id='word_1_204' title='bbox 1088 3502 1147 3556; x_wconf 88' lang='lat' dir='ltr'>ru-</span> 
     </span>
     <span class='ocr_line' id='line_1_30' title="bbox 105 3583 1146 3681; baseline 0.013 -26"><span class='ocrx_word' id='word_1_205' title='bbox 105 3635 130 3672; x_wconf 89' lang='lat'>„</span> <span class='ocrx_word' id='word_1_206' title='bbox 161 3583 267 3681; x_wconf 90' lang='lat' dir='ltr'>pibus</span> <span class='ocrx_word' id='word_1_207' title='bbox 300 3584 441 3661; x_wconf 81' lang='lat' dir='ltr'>immiffr</span> <span class='ocrx_word' id='word_1_208' title='bbox 472 3587 509 3662; x_wconf 94' lang='lat' dir='ltr'>in</span> <span class='ocrx_word' id='word_1_209' title='bbox 543 3609 635 3674; x_wconf 90' lang='lat' dir='ltr'>nos,</span> <span class='ocrx_word' id='word_1_210' title='bbox 679 3591 853 3665; x_wconf 87' lang='lat' dir='ltr'>uoniam</span> <span class='ocrx_word' id='word_1_211' title='bbox 882 3587 1040 3677; x_wconf 74' lang='lat' dir='ltr'>Arabiae,</span> <span class='ocrx_word' id='word_1_212' title='bbox 1088 3593 1146 3669; x_wconf 86' lang='lat' dir='ltr'>red</span> 
     </span>
     <span class='ocr_line' id='line_1_31' title="bbox 107 3696 1148 3804; baseline 0.012 -35"><span class='ocrx_word' id='word_1_213' title='bbox 107 3748 130 3784; x_wconf 89' lang='lat'>„</span> <span class='ocrx_word' id='word_1_214' title='bbox 164 3696 427 3794; x_wconf 76' lang='lat' dir='ltr'>septentrionis</span> <span class='ocrx_word' id='word_1_215' title='bbox 451 3696 545 3798; x_wconf 84' lang='lat' dir='ltr'>lupi,</span> <span class='ocrx_word' id='word_1_216' title='bbox 578 3712 691 3776; x_wconf 91' lang='lat' dir='ltr'>tantas</span> <span class='ocrx_word' id='word_1_217' title='bbox 717 3701 817 3780; x_wconf 84' lang='lat' dir='ltr'>brevi</span> <span class='ocrx_word' id='word_1_218' title='bbox 836 3705 1041 3801; x_wconf 88' lang='lat' dir='ltr'>provincias</span> <span class='ocrx_word' id='word_1_219' title='bbox 1067 3726 1148 3804; x_wconf 88' lang='lat' dir='ltr'>per·</span> 
     </span>
     <span class='ocr_line' id='line_1_32' title="bbox 104 3808 1146 3918; baseline 0.013 -36"><span class='ocrx_word' id='word_1_220' title='bbox 104 3824 364 3899; x_wconf 83' lang='lat' dir='ltr'>„currerunt</span> <span class='ocrx_word' id='word_1_221' title='bbox 424 3808 534 3906; x_wconf 90' lang='lat' dir='ltr'>Quot</span> <span class='ocrx_word' id='word_1_222' title='bbox 567 3812 779 3894; x_wconf 85' lang='lat' dir='ltr'>monasteria</span> <span class='ocrx_word' id='word_1_223' title='bbox 814 3814 943 3918; x_wconf 80' lang='lat' dir='ltr'>capta?</span> <span class='ocrx_word' id='word_1_224' title='bbox 986 3814 1146 3911; x_wconf 80' lang='lat' dir='ltr'>Quantae</span> 
     </span>
    </p>

    <p class='ocr_par' dir='ltr' id='par_1_6' title="bbox 907 3927 1088 4023">
     <span class='ocr_line' id='line_1_33' title="bbox 907 3927 1088 4023; baseline 0.006 -14"><span class='ocrx_word' id='word_1_225' title='bbox 907 3984 931 4023; x_wconf 93' lang='lat'>„</span> <span class='ocrx_word' id='word_1_226' title='bbox 959 3927 1088 4017; x_wconf 85' lang='lat' dir='ltr'>fluvio·</span> 
     </span>
    </p>
   </div>
   <div class='ocr_carea' id='block_1_5' title="bbox 156 4033 733 4162">
    <p class='ocr_par' dir='ltr' id='par_1_7' title="bbox 156 4033 733 4162">
     <span class='ocr_line' id='line_1_34' title="bbox 156 4033 733 4162; baseline 0.019 -26"><span class='ocrx_word' id='word_1_227' title='bbox 156 4072 196 4150; x_wconf 61' lang='lat' dir='ltr'>a)</span> <span class='ocrx_word' id='word_1_228' title='bbox 211 4072 299 4155; x_wconf 72' lang='lat' dir='ltr'>rpru.</span> <span class='ocrx_word' id='word_1_229' title='bbox 321 4074 450 4145; x_wconf 84' lang='lat' dir='ltr'><strong>xxxv.</strong></span> <span class='ocrx_word' id='word_1_230' title='bbox 475 4072 512 4143; x_wconf 86' lang='lat' dir='ltr'>r.</span> <span class='ocrx_word' id='word_1_231' title='bbox 531 4074 581 4143; x_wconf 81' lang='lat' dir='ltr'>ru.</span> <span class='ocrx_word' id='word_1_232' title='bbox 605 4096 635 4160; x_wconf 72' lang='grc' dir='ltr'>ρ.</span> <span class='ocrx_word' id='word_1_233' title='bbox 661 4033 733 4162; x_wconf 61' lang='lat'>2&#39;74</span> 
     </span>
    </p>
   </div>
   <div class='ocr_carea' id='block_1_6' title="bbox 0 0 1260 4620">
    <p class='ocr_par' dir='ltr' id='par_1_8' title="bbox 0 0 1260 4620">
     <span class='ocr_line' id='line_1_35' title="bbox 0 0 1260 4620; baseline 0 2"><span class='ocrx_word' id='word_1_234' title='bbox 0 0 1260 4620; x_wconf 95' lang='lat' dir='ltr'> </span> 
     </span>
    </p>
   </div>
  </div>
 </body>
</html>
