2512 4620
212 232 361 309 regnum
380 206 509 303 curiit
526 212 566 295 in
580 212 700 292 mols.
717 233 745 291 e.
768 207 884 300 XLV.
1002 212 1076 304 12‘3

43 372 257 454 monarchia
284 371 466 476 Gallicana
499 373 546 456 ad
572 372 780 475 presentem
814 374 926 476 usquo
959 371 1079 464 diem.
1207 396 1211 417 ·

44 487 133 562 inde
159 486 204 567 ab
226 486 370 581 origine
395 483 474 573 sua,
507 483 729 569 Francorum
770 509 926 586 regnum
960 500 1081 564 tutum

45 598 187 709 semper
214 593 313 683 inille
329 593 583 685 Romanorum
614 597 832 702 pontificum
861 598 1080 707 perfugium.

131 805 251 907 Reges
276 810 448 908 porroet
481 804 720 914 imperatorer
752 805 933 896 Fraoclci,
972 832 1082 911 quam

46 919 273 1007 hier-archico
288 920 408 996 ordini
426 923 661 1006 reverentiam
684 934 720 996 et
739 918 950 1021 obsequium
973 927 1083 998 ctiam

46 1038 86 1109 in
113 1032 171 1115 sua
199 1035 477 1130 inauguratione
500 1033 649 1116 iuratam
683 1031 868 1131 prestant.
897 1048 1006 1133 atque
1028 1054 1083 1115 er-

46 1168 94 1244 ga
125 1141 313 1222 Ecclesiam
343 1142 582 1243 prestiterunt
607 1141 743 1230 fidem,
793 1142 944 1224 eandem
971 1143 1083 1245 usque

47 1256 93 1333 ad
109 1254 314 1353 praesentem
334 1255 428 1339 diem
443 1255 648 1337 inviolatam
669 1254 866 1341 servarunt,
882 1257 945 1357 qul
963 1253 1031 1341 sese
1047 1258 1085 1334 in

46 1366 142 1444 lelicl
159 1370 378 1466 impotentia
396 1365 521 1447 versari
537 1366 720 1467 gaudent,
732 1381 769 1444 et
785 1365 1007 1467 gloriantur,
1029 1366 1082 1448 le.

45 1503 113 1578 ges
138 1479 322 1565 violandi,
353 1481 407 1556 uti
424 1479 541 1587 palam
560 1475 975 1590 profiteturLudorlcus
993 1464 1081 1565 XV.

49 1593 88 1665 in
122 1589 290 1690 responso
313 1615 368 1670 an.
396 1601 511 1680 1766.
541 1615 583 1671 ac
606 1586 797 1668 novillrmo
817 1590 936 1675 editio
967 1612 1085 1684 ¹770³

50 1725 130 1801 quar
165 1695 288 1779 aullor
321 1700 485 1783 laudatus
508 1698 547 1790 α)
577 1703 623 1778 de
651 1700 861 1786 aulloritate
897 1704 1085 1811 utriusque

49 1813 254 1915 potestatis,
283 1809 572 1897 lacraenimirum
588 1827 624 1889 et
640 1810 822 1910 politice.
850 1813 960 1898 citat.
984 1814 1086 1893 dein-

51 1949 141 2023 ceps
166 1947 254 2001 vero
281 1922 367 2006 hinc
397 1922 481 2002 inde
510 1921 667 2027 eiusdem
699 1922 795 2027 regia
826 1920 1086 2007 declarationes

49 2039 121 2113 iam
141 2036 184 2119 ab
203 2055 301 2113 anno
325 2050 440 2123 ¹73¹·
467 2030 571 2117 affert
589 2029 628 2122 b)
646 2032 841 2136 quomodo
858 2031 896 2117 id
924 2032 986 2110 libi
1005 2057 1088 2113 cor·

50 2147 88 2223 di
107 2144 172 2233 lrt,
204 2160 244 2223 ut
261 2142 525 2244 potestaslacra
550 2147 692 2244 integra
715 2142 799 2234 sua,
831 2167 939 2246 quam
965 2142 1087 2225 aDeo

50 2261 213 2356 accepit,
242 2257 379 2342 fruatur
402 2254 612 2344 auctoritate.
633 2271 706 2339 tam
728 2259 765 2341 in
789 2256 953 2342 doctrina
979 2254 1085 2351 fider,

50 2394 159 2470 quam
190 2370 226 2444 in
263 2368 396 2467 regulis
425 2390 572 2446 morum
604 2383 640 2448 et
672 2369 886 2471 discipline.
934 2372 971 2447 io
998 2393 1088 2448 coo·

50 2481 176 2564 dendis
206 2483 338 2557 camin
363 2504 437 2558 rem
460 2483 663 2567 canonibus
684 2505 753 2581 pro
778 2483 945 2568 ministris
962 2477 1087 2563 Eccle-

50 2591 106 2670 fiae
123 2608 158 2669 et
176 2590 339 2669 fidelibus
356 2593 392 2673 in
419 2593 548 2669 ordine
563 2593 608 2677 ad
637 2593 853 2691 religionem
878 2593 947 2670 &n
984 2593 1085 2672 ldem‘

50 2701 351 2789 christianillrmus
390 2725 455 2778 rex
486 2727 563 2785 non
587 2703 701 2781 solum
735 2703 811 2790 haec
839 2726 938 2781 anno
970 2716 1085 2797 176o

50 2817 212 2915 repetiit,
242 2837 366 2891 verum
396 2815 502 2890 etlam
521 2816 674 2913 primam
698 2812 791 2895 hanc
812 2837 855 2893 ac
870 2816 1088 2916 praecipuam

50 2927 113 3007 sibi
126 2926 337 3009 incumbere
349 2925 612 3025 obligationem
628 2924 835 3014 declaravit,
852 2927 1087 3029 impediendi,

52 3065 99 3127 ne
125 3041 201 3116 iura
226 3037 302 3114 haec
325 3035 484 3124 Ecclefiae
504 3037 678 3115 divinitus
701 3052 845 3137 accepta
866 3041 904 3119 in
925 3039 1093 3139 quaestio·

52 3177 137 3229 nem
153 3145 376 3237 vocenturc)
399 3206 422 3243 ‚,
437 3149 557 3227 Notre
572 3150 727 3249 premier
745 3149 879 3227 devoir
892 3152 960 3237 eli,
978 3150 1092 3234 d’em-

51 3322 75 3359 ,,
107 3262 238 3363 pecher
254 3268 367 3363 qu'on
390 3276 501 3339 mette
514 3284 559 3339 en
582 3262 747 3363 question
769 3261 819 3338 les
839 3261 956 3340 droits
978 3261 1091 3350 sacres

54 3431 78 3468 „
109 3374 215 3452 d’uoe
235 3371 434 3473 puillance,
461 3375 524 3475 qul
548 3396 669 3472 areeu
691 3373 737 3450 de
755 3371 854 3452 Dieu
876 3373 949 3458 seul
965 3373 1093 3454 tauto.

55 3542 79 3578 „
109 3485 174 3560 rite
199 3483 243 3560 de
271 3486 412 3563 decidet
437 3485 487 3562 les
510 3486 694 3585 questions
720 3484 766 3563 de
783 3485 948 3571 dollrine
976 3485 1033 3569 lur
1060 3487 1089 3563 la

56 3653 80 3692 ,,
111 3594 188 3684 foi,
238 3619 289 3682 ou
315 3596 371 3685 lur
399 3597 431 3683 u
456 3595 555 3697 regie
581 3596 647 3684 des,
669 3619 836 3700 moeuts3¹
865 3597 911 3676 de
937 3597 1025 3684 faire
1046 3601 1091 3678 de

926 3783 1036 3857 κω·
1126 3799 1133 3814 '

102 3917 136 3990 el
158 3915 203 3979 De
219 3916 296 3979 deux
318 3915 479 3998 puiffancer
496 3917 524 3980 l’.
538 3916 563 3987 l·
585 3938 612 3983 c
628 3936 656 3992 t·.
675 3915 712 3982 Τ.
727 3912 752 3981 l.
776 3934 807 3996 p.
828 3932 898 3983 aro.

102 3999 871 4090 ffllstpm.mLcLMump
