2506 4958
286 246 436 326 regnum
459 222 945 321 etruttinrerris.e.LX1.
1062 251 1140 325 ³33

103 450 130 486 „
159 403 200 471 ut
219 393 428 491 repentinus
451 387 518 465 iilis
543 387 768 488 superveniat
789 387 976 476 interitus,
1020 405 1060 470 et
1080 419 1147 477 eoa

105 561 131 598 „
157 504 332 580 adventus
352 500 505 578 Domini
527 496 617 577 srcut
636 495 695 577 fur
717 501 754 575 in
779 500 885 578 none
903 506 1146 607 comprehen-¹

82 664 130 712 -„
159 616 241 703 dat.
270 613 419 715 quando
445 614 666 689 econtrario
682 610 915 710 gaudebunt.
952 632 990 692 et
1007 618 1149 701 exusta·

82 742 132 824 2„
159 729 285 812 bunt,
328 727 392 827 qui
430 723 598 823 diligunt·
624 723 947 803 manifestationem
980 725 1147 812 Domini.

82 854 89 904 ι’
107 895 132 933 ,,
161 837 272 917 Nunc
292 852 414 914 autem
438 837 498 912 iiia
523 834 635 923 mala,
665 858 746 934 quae
767 848 938 936 tanquam
959 840 1095 920 summa
1113 860 1152 927 et

82 966 135 1046 r„
163 965 323 1027 extrema
349 948 578 1036 creduntur,
633 948 776 1046 utrique
802 954 905 1047 genti
938 966 975 1029 et
1004 956 1149 1056 utrique

82 1086 92 1133 r
111 1119 137 1158 ,‚
166 1084 305 1161 regno.
351 1076 389 1137 et
427 1058 560 1138 Christi
592 1055 726 1135 scilicet
754 1072 793 1135 et
819 1059 955 1138 diaboli
985 1064 1150 1149 videmur

82 1194 135 1270 ¹„
163 1172 232 1252 eise
251 1174 473 1250 communia.
531 1167 666 1248 Pariter
688 1171 822 1270 quippe
851 1172 906 1249 his
929 1188 966 1251 et
991 1176 1080 1253 boni
1100 1181 1152 1257 af·

81 1306 91 1359 r
112 1342 137 1382 „
166 1283 343 1384 fliguntur
360 1299 396 1361 et
413 1281 523 1367 mali,
544 1304 612 1360 nec
631 1280 706 1368 est,
736 1285 798 1382 qui
818 1281 933 1378 dicat3
954 1285 1037 1363 Pax
1051 1291 1155 1388 etse.

81 1428 82 1433 ¹
112 1454 137 1494 ,‚
164 1402 320 1484 currens,
352 1390 563 1497 ubicunque
588 1399 832 1493 contingunt.
869 1398 927 1474 vel
954 1404 1153 1494 metuitur.

81 1534 138 1605 r„
169 1533 214 1585 ne
244 1511 472 1605 contingant.
535 1504 632 1584 inter
661 1528 742 1606 quie
768 1523 888 1587 tamen
917 1512 1009 1589 mala
1034 1514 1154 1596 adhuc

81 1648 84 1696 ι
112 1678 137 1716 ,,
166 1621 422 1722 usquequaque
453 1618 728 1719 frequentantur
751 1617 934 1700 luxuriosa
963 1629 1151 1717 convivia.

114 1790 140 1830 ‚,
169 1733 282 1809 fervet
307 1735 480 1816 ebrietas,
527 1731 671 1804 auaritia
699 1726 898 1826 graffatur.
926 1737 1155 1839 perstrepunt
1225 1768 1231 1777 ·

113 1902 140 1942 „
170 1843 285 1920 lascivi
305 1855 440 1918 cantus.
500 1835 672 1937 Organa,
703 1842 818 1927 tibiae.
848 1842 954 1941 syre,
985 1847 1152 1942 citharae.

113 2014 139 2052 ,‚
170 1952 321 2039 tesserae,
362 1949 473 2028 multa
502 1964 538 2027 et
564 1951 663 2027 varia·
682 1972 816 2049 genera
843 1950 1017 2033 sonorum
1044 1975 1154 2060 atque

80 2104 83 2121 =
114 2125 140 2165 ,‚
169 2054 355 2144 ludorum.
414 2059 579 2140 Hoccine
603 2062 672 2148 esi,
705 2061 861 2142 arescere
892 2088 966 2167 prae
997 2071 1154 2160 timore,

80 2216 84 2265 ι
116 2235 142 2274 ‚‚
176 2200 220 2255 an
245 2179 367 2277 potius
388 2173 588 2251 madescere
613 2196 686 2274 prae
712 2173 892 2253 libidine?
919 2177 978 2257 sed
995 2179 1070 2259 haec
1091 2181 1156 2261 filii

80 2330 84 2377 ;
116 2346 142 2387 ,‚
173 2291 398 2367 tenebrarum
427 2285 667 2364 abundantius
700 2285 912 2378 habebunt,
956 2307 1158 2375 etexerce·

80 2446 141 2497 2„
172 2403 283 2489 bunt.
314 2424 399 2477 cunr
414 2401 592 2476 dixerint:
624 2396 706 2475 Pax
721 2410 753 2475 ei
767 2397 938 2493 securitas
952 2461 987 2497 „.
1032 2404 1155 2487 ·Haud

118 2515 237 2613 dispar
254 2513 396 2590 videtur
419 2507 488 2587 eise
510 2510 693 2610 hodieque
715 2533 836 2589 rerum
859 2517 1048 2618 utriusque
1070 2522 1157 2597 civi·

80 2700 86 2713 .
119 2631 204 2707 tatis
225 2624 296 2703 Dei
317 2640 353 2699 et
375 2621 509 2701 diaboli
536 2622 651 2698 status.
717 2622 767 2699 At
800 2646 887 2701 vero
916 2649 956 2702 ea
982 2652 1051 2706 nos
1077 2636 1159 2730 post

80 2774 84 2793 ·
121 2737 221 2817 uriiie
236 2739 412 2812 ducentos
433 2733 638 2832 etamplius
657 2733 702 2808 ab
718 2748 820 2810 aetate
839 2734 873 2813 S.
892 2735 1078 2837 Augustini
1095 2767 1159 2819 en·

79 2896 86 2945 ;
124 2873 194 2929 nos
212 2850 362 2947 propius
384 2850 451 2921 iarn
470 2847 693 2943 contingunt
710 2859 894 2944 tempora.
914 2848 960 2927 de
977 2853 1158 2951 quibuso)

124 2960 310 3042 Christus:
342 2957 385 3035 Et
405 2954 658 3054 praedicabitur
678 2955 743 3033 huc
766 2957 989 3056 evangelium
1009 2967 1049 3038 irr
1080 2971 1162 3060 uni.

122 3070 229 3169 verso
255 3060 363 3158 orbe,
411 3072 450 3144 in
468 3066 702 3156 tessimonium
726 3067 886 3149 omnibus
903 3074 1094 3168 gentibus,
1125 3090 1161 3155 et

79 3238 91 3289 2
122 3198 211 3265 turre
231 3186 351 3260 veriet
378 3179 638 3278 consummatio.
713 3179 772 3258 De
789 3184 922 3284 quibus
943 3208 1033 3263 mox
1052 3205 1163 3270 onte:

79 3358 94 3407 ἰ
126 3295 174 3377 Et
186 3310 271 3372 tunc
278 3290 622 3394 scandalizabuntur
639 3290 765 3380 multi,
781 3305 816 3369 et
826 3296 980 3375 inuicem
998 3302 1162 3392 tradent,

83 3474 93 3513 ι
131 3420 168 3486 et
185 3404 263 3484 odio
289 3405 463 3484 debebunt
497 3407 674 3490 invicem,
703 3416 738 3480 et
768 3404 875 3483 multi
889 3407 1166 3510 pseudopropde.

78 3588 94 3605 ⁴
129 3533 175 3599 tae
195 3518 359 3615 surgant,
386 3529 420 3594 et
429 3515 590 3615 seducent
601 3515 749 3605 mutos,
779 3529 812 3593 et
830 3521 1167 3616 quoniamaburrdu.

78 3610 93 3641 ²
130 3631 188 3713 hir
207 3634 398 3728 iniquitas,
441 3624 646 3732 refrigescet
675 3627 833 3710 chorites
861 3631 1168 3736 mutorumque

88 3828 93 3863 l
132 3756 253 3825 autem
268 3742 553 3842 perseveraverit
566 3739 854 3841 usqueinfinem.
873 3744 932 3829 hic¹
940 3743 1066 3847 sasvrrr
1081 3755 1164 3829 erit.

1020 3874 1111 3962 Haec

175 4032 213 4118 a)
233 4021 344 4103 idattb.
364 4022 482 4123 xxii.
506 4043 554 4113 rq
575 4039 607 4099 t.
631 4042 680 4103 aa.
