2506 4958
278 242 431 318 regnum
452 212 581 306 etrite·
597 219 636 293 in
652 217 771 294 terris.
784 238 815 294 c.
834 208 978 293 XLIII.
1095 230 1144 310 63

112 407 196 461 nani
232 396 354 461 tamen
389 379 638 461 dissensionem
676 402 761 458 cum
803 377 1007 458 Calvinistit
1048 377 1151 482 spem
1189 414 1197 431 *·

79 557 81 562 .
109 493 296 580 frustrane

194 674 320 752 Refert
346 671 428 751 alias
460 671 666 772 complures
694 669 907 749 domesticas
936 684 1152 753 controver-

108 786 172 864 fias
190 810 232 863 ac
248 787 450 885 colloquia,
482 809 603 863 earum
629 783 729 863 causa
753 782 879 862 frustra
899 781 1019 865 habita
1041 789 1150 866 etiam

113 923 237 977 eornm
269 899 518 998 principibus,
551 898 681 997 quibus
719 899 773 975 ius
807 894 986 974 sacrorum
1021 898 1152 980 adscri-
1185 910 1192 917 “

109 1014 221 1096 bunt,
250 1013 385 1112 quique
406 1027 526 1087 tamen
548 1009 637 1085 illud
658 1005 813 1085 nonnisi
834 1004 940 1084 armis
961 1023 997 1086 et
1015 1027 1149 1110 poten.

110 1120 331 1200 tia'ass'erere
358 1136 557 1222 potuerunt
584 1102 657 1198 fibi.
712 1119 851 1199 'Conati
881 1121 1029 1222 quidem
1066 1121 1150 1203 sunt

109 1238 231 1336 primo
255 1238 310 1312 ius
332 1234 422 1311 iliud
444 1236 652 1334 principum
674 1236 767 1310 circa
790 1230 884 1310 sacra
905 1255 951 1309 ex
975 1233 1150 1335 scriptura

108 1347 289 1449 probare;
321 1345 378 1422 sed
406 1346 584 1448 quidquid
604 1344 645 1424 iit
666 1345 710 1422 de
734 1348 863 1422 veteris
882 1346 1083 1425 testamenti
1112 1371 1151 1427 a.
1178 1379 1180 1385 ·

109 1460 185 1559 pud
219 1457 385 1536 israelitas
412 1459 629 1546 theocretia,
660 1454 763 1545 facile
790 1457 845 1535 vei
863 1455 926 1557 ipfi
946 1455 1152 1539 Protestan-

109 1588 162 1648 tes
182 1571 462 1671 perspexerunt,
494 1570 538 1648 ad
567 1594 644 1647 rem
669 1594 746 1646 enm
768 1595 846 1648 non
864 1569 956 1648 ess'e:
985 1568 1151 1674 dumque

107 1683 199 1761 nihil
225 1684 374 1783 prorsus
400 1682 444 1759 de
465 1682 537 1759 hoc
555 1685 633 1760 iure
650 1683 855 1782 principum
879 1685 972 1760 circa
998 1681 1091 1762 sacre
1108 1686 1149 1764 in

107 1819 210 1873 novo
237 1797 470 1882 testamento,
503 1809 543 1872 ut
562 1793 623 1893 ipsi
638 1793 821 1880 fatentur,
852 1810 1082 1894 repererunt,
1102 1794 1150 1878 ad

108 1909 285 1985 Iudicium
310 1906 484 2006 cuiusque
501 1906 708 2004 privatum,
740 1919 776 1982 et
805 1919 1022 2006 corruptum
1039 1906 1149 1986 dicta·
1237 1990 1240 1995 Α

106 2044 191 2096 men
212 2021 297 2095 iuris
319 2034 454 2094 naturae
475 2019 677 2094 citationis
698 2015 865 2095 humanae
884 2040 1067 2097 recurrere
1084 2044 1147 2096 ne·

108 2129 198 2207 ceffe
220 2131 311 2216 fuit,
343 2134 444 2207 cuius
470 2143 590 2206 tamen
615 2127 740 2217 lumen
762 2127 812 2207 iiii
838 2131 874 2208 in
899 2130 987 2208 statu
1010 2144 1147 2210 naturae

107 2243 210 2342 lnpi'ae
243 2256 383 2325 tantum
418 2264 495 2318 non
522 2242 665 2340 penitus
689 2240 889 2320 extintium
920 2241 1145 2332 statuerunt.

107 2370 216 2453 atque
235 2353 363 2432 oculos
387 2355 515 2431 rationi
537 2350 600 2454 ipsi
626 2352 849 2444 clauserunt,
879 2378 964 2435 cum
985 2355 1021 2434 in
1043 2354 1148 2433 sacris

107 2467 288 2566 scripturis
317 2469 371 2544 ius
393 2470 485 2544 circa
513 2465 605 2544 sacta
635 2483 706 2543 tam
731 2481 894 2568 apertea
920 2465 1066 2547 Christo
1085 2490 1149 2546 or·

108 2580 270 2657 dinatum
292 2581 328 2654 in
354 2577 563 2675 evangelio,
590 2591 626 2655 et
650 2579 696 2654 ab
724 2581 784 2668 iis,
815 2579 949 2680 quibus
972 2578 1059 2659 illud
1087 2579 1151 2656 da·

107 2707 186 2767 tuni
215 2693 288 2775 eii,
318 2692 362 2764 ab
381 2689 551 2788 apostolis
577 2690 775 2777 nimirum,
806 2704 994 2770 eteorum
1015 2691 1150 2770 succes·

106 2802 244 2879 sonibus
260 2804 458 2878 exercitum
478 2802 592 2896 (teste
612 2798 682 2899 ipsa
700 2799 872 2900 scriptura
887 2806 922 2879 in
934 2802 1076 2882 Atiibus
1094 2805 1151 2880 ni·

107 2919 242 2991 mitum
267 2912 543 3012 apostolorum.
572 2927 753 2991 eteorum
776 2911 964 3014 epistolis)
982 2917 1149 2994 constan-

108 3043 161 3104 ter
186 3051 336 3126 quoque
363 3024 530 3124 deinceps
554 3026 597 3101 ad
627 3024 686 3102 sua
713 3025 825 3126 usque
845 3038 1040 3127 tempora,
1069 3051 1148 3106 non

108 3140 271 3217 viderant
294 3142 330 3214 in
354 3134 502 3216 Ecclesia
523 3137 697 3215 militante
715 3161 833 3239 tegno
854 3136 992 3220 Christi
1015 3141 1053 3218 in
1077 3155 1150 3219 ter-

107 3276 164 3328 ns.

190 3411 282 3491 Rem
310 3414 403 3491 hanc
429 3409 540 3490 Henr.
566 3409 786 3491 Dodwettus
812 3411 963 3492 Ineunte
992 3413 1068 3492 hoc
1097 3413 1148 3492 se·

107 3524 193 3603 culo
217 3530 372 3623 graviter
396 3527 628 3624 exprobravit
644 3522 681 3614 a)
699 3527 738 3600 in
755 3524 925 3624 pnraenejn'
941 3526 989 3602 nd
1008 3537 1148 3605 exteros
1204 3620 1234 3633 ..

107 3649 183 3714 tam
208 3634 418 3735 reformatos
444 3661 550 3733 quam
581 3641 689 3714 etiam
717 3637 935 3736 pontificios:
966 3661 1035 3734 qua
1062 3643 1148 3717 inrn

108 3750 342 3849 episcoporum
363 3759 511 3840 vetera,
540 3750 793 3847 eorundemque
816 3747 1071 3848 ainngilirntu
1088 3753 1148 3852 fe.

520 3886 523 3891 ’
976 3863 1092 3942 culari

150 4021 185 4098 a)
208 4015 249 4080 De
264 4033 379 4098 nupero
398 4015 555 4085 schismate
584 4015 744 4099 Angiicnno
770 4034 799 4081 n.
818 4036 868 4098 ⁴5·
893 4037 925 4100 μ.
942 4034 1013 4098 203.
