2506 4958
281 237 432 314 regnum
454 207 584 304 cham
600 213 643 294 in
658 214 774 294 lauru
794 234 824 300 ‚0-
845 208 961 292 ΧΨ.
1073 235 1150 308 1¹9
1181 159 1185 168 .

111 353 225 453 stolus
244 377 315 452 iam
343 400 417 452 uon
442 373 549 453 semel
578 374 759 466 aChristo
786 375 1005 472 redarguta,
1048 392 1185 521 motu)

110 487 244 567 scilicet
271 486 533 566 controversia:
578 487 634 569 An
660 487 858 565 concilium
883 486 926 564 sit
954 485 1057 586 supra
1087 513 1149 588 pa·

112 624 194 700 pam
227 602 296 676 &u
356 600 483 692 Quam
508 596 568 674 nili
598 599 694 676 suam
724 597 856 674 fecillet
888 599 1005 676 clerus
1035 598 1147 679 Galli-

110 735 220 788 canus
235 717 271 787 iu
291 709 529 787 declaratione
548 734 607 786 an.
631 723 744 796 1682.
778 709 886 806 paulo
904 728 988 789 ante
1006 735 1146 789 memo·

111 838 210 911 rata,
241 822 339 899 causa
366 821 564 900 lanl'eniana
589 819 687 897 finita
706 820 822 898 luisset
848 823 945 897 breui
967 822 1001 898 S.
1021 823 1146 924 Augu·

113 936 190 1009 stiui
220 934 388 1013 sententia
415 935 470 1008 illa
494 938 532 1008 in
555 934 654 1010 caula
682 931 888 1031 Pelagiaua:
921 932 999 1009 lom
1020 934 1086 1017 buc
1103 936 1146 1013 de

111 1045 214 1136 causa
241 1043 387 1122 concilia
403 1041 503 1144 mtffo
511 1043 600 1140 sunt
625 1044 673 1118 ud
685 1043 801 1139 sudem
817 1041 1060 1140 apostolicum:
1088 1050 1144 1122 in.

108 1157 150 1234 de
173 1159 281 1232 etium
307 1154 491 1252 Rescripta
514 1169 707 1250 veneruut3
736 1153 839 1251 causo
847 1155 958 1251 finita
976 1153 1045 1253 ed3
1071 1159 1143 1236 τιεί.

109 1291 193 1343 num
215 1267 401 1364 aliquando
422 1267 580 1365 fiiaiutur
607 1270 744 1351 muri
795 1269 915 1371 Atque
936 1268 1023 1348 hinc
1051 1271 1159 1350 reue·
1193 1338 1196 1351 .

109 1377 164 1457 Μ.
193 1379 337 1461 Charias
355 1382 537 1480 optimum
566 1379 657 1461 sumi
684 1395 940 1479 argumentum
963 1381 1081 1466 statuit
1098 1380 1144 1460 ad

109 1493 365 1592 probandum,
396 1492 569 1571 iudicium
591 1492 817 1574 stimmorum
838 1491 1054 1594 pontificum
1075 1496 1149 1574 cir--

108 1627 152 1684 ca
186 1605 396 1704 quaestiuoes
433 1603 514 1680 fidei
550 1601 619 1685 offe
654 1603 938 1690 irreformabile.
994 1629 1041 1683 ex
1073 1628 1141 1695 eo,

110 1719 211 1814 quod
242 1715 332 1796 nihil
362 1737 524 1814 unquam
552 1716 596 1791 ab
632 1713 713 1812 ipiis
740 1713 781 1793 fit
813 1713 1040 1814 propositum
1070 1719 1143 1796 toti

105 1820 286 1913 Ecclesia,
318 1843 487 1925 tauquam
505 1823 575 1905 lide
592 1821 710 1900 divina
728 1824 972 1912 credendum,
1004 1830 1040 1903 in
1063 1851 1141 1926 quo

105 1962 126 2014 a
141 1939 303 2019 conciliis
319 1936 555 2013 oecumenicis
572 1934 845 2016 reformandum
865 1935 974 2013 fuerit
995 1935 1141 2015 illorum

109 2051 313 2141 iudicium3
354 2051 441 2146 quin
468 2048 573 2122 etiam
601 2046 815 2126 eorumdem
845 2047 1031 2134 sententia,
1064 2064 1143 2125 tau·

108 2183 218 2260 quam
243 2148 288 2236 eii
315 2157 407 2241 Petri
428 2155 594 2241 cathedra
614 2161 867 2263 pronuntiata,
897 2157 1037 2265 semper
1055 2175 1142 2239 cum

108 2274 306 2349 reuerentia
347 2269 502 2369 susceptu
540 2267 594 2352 fit.
650 2327 671 2363 „
698 2269 808 2352 Certe
852 2268 1014 2367 (subdit
1043 2272 1140 2351 idem

105 2440 128 2477 „
158 2379 332 2471 uuilon)
367 2383 567 2486 periculum
592 2383 696 2470 mali.
727 2382 829 2483 quod
856 2405 919 2483 per
938 2397 996 2461 tot
1024 2383 1141 2463 iecqu

108 2553 132 2588 „
160 2519 346 2595 nunquam
378 2498 558 2594 contigit,
601 2519 678 2570 noo
711 2494 947 2595 usqueadeo
977 2512 1142 2578 metuen-

108 2665 130 2703 „
160 2609 246 2684 dum
269 2624 377 2692 erat,
434 2625 473 2683 ut
510 2603 723 2683 illustrisslmi
750 2604 908 2705 episcopi
940 2604 1140 2695 Gallicani.

108 2776 131 2812 ‚‚
161 2717 292 2798 omillis
324 2718 414 2792 veris
433 2734 468 2798 et
495 2716 725 2814 praesentibus
750 2715 976 2796 ecclesiarum
1000 2717 1139 2798 suatum

107 2888 130 2925 ,‚
162 2830 279 2911 malis,
310 2827 393 2904 huic
416 2831 582 2912 incerto,
615 2827 809 2928 vel.potius
836 2851 1022 2932 uunquam
1042 2829 1141 2908 futu·

106 3001 131 3039 „
161 2966 205 3017 ru
239 2932 441 3018 reuuedium
472 2963 666 3039 praeparare
706 2955 872 3019 curarent
892 2995 926 3034 „.
985 2939 1141 3024 Caeterau

108 3053 269 3154 profeclo
295 3053 505 3150 perurbana
529 3050 749 3133 catholicum
778 3049 965 3138 ecclesias,
995 3052 1087 3134 reda
1104 3053 1141 3129 in

109 3168 176 3247 hac
200 3191 237 3241 re
267 3166 420 3239 imbutas
446 3161 542 3248 fide.
583 3161 717 3240 haeresis
744 3161 946 3242 lanieniana
973 3167 1141 3265 necquic-

109 3302 218 3378 quam
249 3279 473 3361 cummuuit,
517 3299 595 3381 quae
619 3274 789 3357 haueaus.
820 3275 1001 3358 ecclefiam
1029 3275 1142 3355 Galli·

109 3412 234 3464 cauam
262 3387 398 3472 lecum,
439 3389 619 3462 inlocum
646 3386 743 3473 aliis,
779 3384 968 3466 commisit.
1028 3385 1141 3481 Quos

112 3521 252 3576 errores
279 3496 420 3574 aduersa
446 3495 637 3584 Gallorum
663 3521 743 3599 pars
776 3501 940 3577 notatio
967 3495 1141 3577 Romanis

113 3606 360 3714 pontificibus,
392 3606 455 3708 ipfi
474 3609 652 3696 fatentur,
685 3634 750 3686 ceu
778 3608 933 3713 eclypsua
951 3605 1036 3696 effe,
1066 3634 1142 3688 nou

113 3723 174 3800 diu
201 3717 484 3817 perseuerantes,
513 3720 583 3800 fide
604 3744 647 3798 uc.
670 3719 748 3798 sede
775 3719 870 3801 Petri
893 3720 1142 3811 indesedibili,

114 3852 154 3913 ut
174 3831 258 3910 Beu.
282 3826 426 3909 Boffuet
448 3828 579 3913 fatetur
604 3835 643 3909 io
666 3831 760 3935 ipsu.
790 3833 873 3938 post
889 3848 1045 3912 mortem
1068 3837 1145 3912 eiuu

589 3984 631 4066 H.
656 4006 685 4087 4
980 3977 1089 4073 edita.
