2512 4620
259 229 410 310 ragnum
429 201 558 301 Chrilsi
570 210 613 289 in
628 214 746 293 terris.
767 212 803 293 c(
814 206 878 294 ult.
1004 228 1089 315 355

58 374 241 474 sauguinis
270 372 512 471 Habeburgici
539 389 577 452 et
602 370 851 475 Lotharingici
880 377 1091 473 nobilitates
1206 441 1225 481 ι

57 510 140 590 quaa
169 487 288 587 radice
312 479 368 562 issa
410 485 547 571 sanna.
593 508 639 562 ex
663 484 870 566 Bemwinda
904 507 1093 575 matertera

55 600 93 678 S.
113 597 329 697 Leodegatii
347 619 400 696 ep.
422 590 754 696 Augustodunensis
774 599 808 677 S.
822 590 982 682 Odisiam
1003 626 1091 705 pro-

55 707 285 797 ausitidem,
308 731 490 810 unamque
503 708 590 785 olim
603 708 820 808 agnoscebat
835 706 900 794 seo
914 711 997 795 Vn.
1015 713 1092 797 stira

53 846 142 925 pem
165 824 206 899 in
227 816 405 900 Ethicune
421 819 446 899 1.
483 819 617 899 anatra
640 820 758 901 Duce.

97 1067 108 1077 ,
142 972 352 1062 Concordia
378 978 613 1058 sacerdotium
642 975 737 1061 inter
763 990 799 1061 et
817 980 1009 1088 imperium
1034 994 1092 1069 rei

53 1093 204 1173 siitotas
197 1118 247 1170 ec.
255 1090 363 1173 XIV.
380 1112 449 1170 una
465 1093 617 1170 alterave
633 1095 716 1173 tuba
727 1091 915 1175 Ecclesiam
933 1099 1090 1179 misitan-

52 1223 154 1294 tem.
184 1227 337 1306 regnum
358 1197 516 1284 Christi
506 1229 543 1281 m
561 1206 661 1282 terris
682 1204 727 1283 ad
752 1223 930 1287 certamen
950 1210 1088 1314 inipso

53 1320 271 1422 provocavit
285 1314 497 1405 visceribus,
525 1312 666 1405 hares,
696 1332 733 1395 et
750 1317 843 1396 schis
824 1319 956 1411 s,mate
987 1321 1092 1425 quod
1125 1390 1137 1417 .

53 1428 166 1533 ipsam
194 1424 395 1514 Romanam
424 1429 542 1506 sedem
576 1427 637 1507 dio
659 1427 867 1522 divexavit.
895 1433 985 1512 dum
987 1347 1092 1515 q·Cle

54 1565 162 1621 mens
181 1536 263 1619 Vis.
293 1538 478 1643 oppofitua
500 1536 551 1617 est
573 1538 740 1638 pontifex
759 1538 910 1622 Urbano
930 1544 995 1624 Vs.
1025 1544 1091 1649 qui

53 1676 142 1732 cum
162 1670 300 1730 errores
328 1652 504 1754 quosdam
524 1646 693 1727 Wicleffi
716 1649 873 1732 dodonis
900 1656 1091 1739 academia

55 1760 313 1849 Oxouiensis,
357 1756 666 1840 concordantibus
700 1780 785 1839 cum
815 1765 989 1863 pontifice
1013 1772 1091 1871 epi·

52 1878 174 1976 scopis
202 1872 356 1973 Angliae,
382 1868 597 1958 damnasset
643 1868 786 1949 illum
776 1894 812 1950 ιιι
837 1877 973 1955 rabiem
989 1882 1088 1980 egit.

55 2004 101 2071 ut
117 1989 210 2065 iuter
230 1998 354 2064 catera
381 1978 640 2063 hierarchicum
663 1982 896 2063 ordinemne
910 1989 1027 2089 capite
1051 2002 1090 2074 et

58 2098 231 2179 membris
247 2094 452 2183 incesseret,
480 2092 691 2197 pontificem
708 2107 815 2198 caput
828 2092 896 2176 esse
907 2090 1087 2192 Eccleuae

54 2234 218 2310 negans,
253 2232 321 2286 nec
338 2207 527 2311 episcopos
542 2202 611 2284 esse
626 2203 755 2285 ordine
777 2208 975 2310 superiores
994 2210 1093 2311 pres·

53 2325 191 2423 byeeris
207 2316 372 2399 statuens
430 2310 561 2399 Cum
549 2336 587 2395 ιιι
608 2316 738 2419 Anglia
756 2312 912 2413 harada,
941 2319 1089 2403 destitu-

54 2448 92 2513 Μ
109 2431 280 2535 praesdm
294 2430 479 2532 potestatis
497 2422 689 2518 secularis,
717 2426 892 2530 proficere
911 2454 986 2513 nou
993 2429 1092 2538 pos.
1233 2451 1244 2466 ·

47 2546 123 2632 set,
152 2569 192 2623 ea
219 2536 472 2623 Weuoeslai
462 2558 549 2640 imp.
577 2544 719 2639 ignavia
745 2540 833 2622 aso
852 2538 947 2623 Hoss
972 2548 1089 2626 redo·

54 2681 104 2737 re
111 2656 300 2735 academia
314 2648 495 2750 Progensn
512 2649 738 2753 progressum
755 2650 906 2745 habeus,
931 2674 1089 2755 reguum

52 2766 145 2847 iilud
161 2765 334 2843 intestinis
357 2764 459 2841 bellis
482 2762 602 2863 postea
616 2762 811 2853 infestavit
842 2766 892 2844 ob
909 2767 1011 2847 usum
1030 2790 1090 2865 ea,

55 2881 161 2966 licis,
207 2898 292 2955 cum
318 2878 387 2953 iam
418 2877 535 2953 caeteri
563 2891 702 2951 errores
727 2866 838 2955 essent
859 2875 1018 2959 damnati
1050 2882 1090 2961 in

52 2989 215 3075 concilio
244 2984 534 3081 Constantinum
562 2987 623 3065 ubi
655 2989 761 3065 etiam
783 2986 959 3069 diuturno
984 2988 1091 3071 schir·

53 3105 142 3181 mati
171 3103 208 3177 in
238 3090 401 3178 Romana
430 3093 509 3177 sede
528 3095 607 3176 sinis
628 3095 817 3201 impostos
847 3099 915 3180 effe
945 3102 1092 3184 ridebo·

55 3230 136 3299 tur.
166 3206 229 3289 nisi
248 3231 407 3291 canones
435 3206 590 3289 senonia
605 3202 669 3290 IV.
699 3227 737 3291 et
752 3201 800 3291 V.
819 3212 865 3292 ad
882 3208 1088 3296 tollendum
1118 3204 1124 3217 ’

52 3324 200 3405 schisma
218 3325 311 3402 inter
326 3314 516 3425 pontifices
536 3316 751 3424 compositi,
772 3324 891 3403 ansam
915 3322 1090 3409 dedissent

53 3438 100 3515 ed
124 3436 341 3515 aurbandin
374 3434 675 3514 communionem
708 3436 802 3515 inter
831 3437 994 3517 summor
1022 3432 1091 3521 Ec·

54 3543 349 3648 desiaepastoree,
361 3542 570 3647 pontificem
588 3560 625 3623 et
634 3547 834 3650 episcopua,
845 3544 938 3629 etad
947 3567 1089 3633 nouum

53 3658 202 3739 schisma
232 3662 270 3736 in
303 3656 462 3737 conciso
495 3654 781 3748 Basileenfisti
759 3658 922 3763 usurpata
960 3660 1022 3741 fibi
1051 3660 1092 3745 in
1144 3747 1148 3753 ,

57 3794 185 3857 aerum
222 3769 501 3873 legitimumque
543 3768 752 3872 pontificem
786 3768 993 3874 Eugenium
1023 3770 1095 3857 lv·

56 3880 714 4081 pensioreassesiseeusihue.{uis1bi
738 3884 951 3969 ridebantur
967 3888 1093 3968 audo·

621 4014 647 4078 2
931 4000 1038 4080 ritate
