2506 4958
275 242 427 324 regnum
446 215 579 313 cuein
593 219 767 300 inermis.
791 239 819 298 e.
841 212 925 298 ill.
1038 235 1120 317 279

88 403 91 455 ¹
170 383 376 488 Supraiam
398 388 625 472 notavimus,
654 408 676 463 a
700 382 735 464 S.
751 381 939 484 cypriano
955 391 995 479 et
1007 377 1119 486 Patri-¹

88 500 155 585 bus
181 499 424 580 conciliorum
444 498 697 580 Africanorum
720 510 809 589 tune
823 499 861 571 in
876 493 975 577 caula
991 495 1121 595 bapril'.
1145 578 1147 583 ,

88 612 139 693 ni
159 611 414 691 haereticorum
443 610 647 712 promiscue
670 632 737 686 eos
760 605 995 687 Antichristus
1009 596 1120 688 eluisse

88 724 310 826 ‘rppellatosr
341 721 462 827 pallini
485 725 592 802 etiarn
612 718 856 822 persecutores
873 714 1030 801 Ecclebar
1051 742 1120 818 pro

88 835 308 918 Antichristo
324 836 488 913 habitos.
545 833 606 912 Sic
629 831 664 911 S.
682 831 886 934 Cyprianus
907 831 1120 912 imminente

88 960 178 1028 tunc
201 947 448 1048 persecutione
472 943 528 1024 nd·
548 944 690 1046 plebem
717 943 842 1039 libari
864 937 1118 1025 confidentem

88 1057 242 1138 scribens
257 1083 314 1162 ep.
339 1070 399 1152 58.
423 1053 521 1160 quali
540 1081 615 1134 rem
634 1072 736 1135 extra
746 1055 1009 1136 dubitationem
1027 1056 1120 1155 pub.

88 1182 163 1251 ium
191 1175 261 1269 (ea
287 1192 420 1271 nempe
438 1167 671 1256 conditione,
707 1192 777 1271 qua
800 1191 868 1245 nos
889 1167 1053 1248 Christus
1081 1174 1120 1248 in

88 1281 280 1382 evangelio
300 1281 468 1381 vigilare,
484 1291 524 1361 et
537 1278 676 1382 semper
694 1295 836 1382 parator
852 1277 921 1359 elle
939 1276 1056 1370 vult)
1067 1305 1124 1360 re·
1178 1374 1183 1385 Ι

88 1392 173 1482 lert,
192 1391 233 1483 n)
261 1450 285 1487 „
300 1392 400 1472 Scire
416 1395 537 1480 enirn,
553 1390 876 1494 (inquitldebetis
896 1405 933 1472 et
955 1416 1024 1494 pro
1042 1417 1120 1472 cer·

88 1560 109 1600 ,
138 1521 181 1584 to
202 1521 346 1593 tenere,
377 1503 543 1608 prellurae
572 1505 666 1582 diem
688 1504 792 1605 super
819 1522 931 1605 ceput
951 1502 1020 1584 elie
1042 1530 1121 1586 cue·

88 1673 109 1713 ,‚
137 1616 242 1720 pisse,
266 1632 303 1697 es
319 1614 484 1696 occasum
503 1615 609 1696 seculi
624 1615 955 1719 atquebnticlrrilli
974 1632 1134 1720 tempus¹

88 1779 109 1827 „
134 1727 441 1830 appropinquasse
457 1749 473 1816 ,·
519 1744 561 1806 ut
585 1733 699 1829 parati
724 1751 853 1805 omnes
874 1729 919 1806 ad
957 1731 1120 1830 praelium

88 1897 108 1938 ,
136 1843 295 1920 lienus:¹
315 1837 597 1941 necquidquam
616 1837 681 1916 nist
694 1839 848 1938 gloriam
865 1843 944 1918 nite
959 1856 1118 1930 aeternae.

88 2009 109 2048 ,,
138 1968 175 2030 et
196 1973 371 2032 coronam
391 1947 623 2030 confeffionis
645 1949 838 2029 dominice
861 1940 1066 2051 cogitemus
1082 2010 1117 2047 „.

88 2063 133 2145 Et.
154 2064 253 2162 epist.
274 2075 338 2140 61.
376 2059 493 2141 Lucio
520 2060 690 2143 Romano
708 2061 747 2156 P.
767 2059 804 2152 b)
820 2061 870 2140 de
899 2064 1121 2144 conlelltone
1207 2063 1209 2066 ’

88 2198 159 2277 pro
192 2174 262 2252 fide
285 2189 321 2253 et
338 2176 464 2253 reditu
483 2177 535 2253 ab
550 2173 661 2253 exilio
688 2174 904 2275 gratulatus:
944 2233 967 2269 „
982 2177 1120 2278 Regre-

88 2342 111 2382 „
139 2285 319 2383 silentibus
345 2290 448 2364 vobis
479 2287 654 2381 (scribit.
674 2283 702 2377 )4
720 2288 876 2366 breviata
898 2311 976 2367 non
1003 2291 1053 2368 est
1079 2292 1118 2367 in

88 2454 111 2494 ‚,
137 2397 309 2500 episcopo
332 2397 562 2479 confell'uonis
593 2397 661 2478 luo
691 2397 868 2498 dignitas,
913 2400 973 2479 fed
1003 2405 1118 2501 magis

88 2567 111 2606 „
139 2513 252 2587 creuit
278 2510 505 2590 sacerdotalis
526 2511 749 2598 undositas,
794 2528 837 2591 ut
869 2511 971 2590 altari
995 2511 1119 2591 allilia‘t

88 2678 110 2719 „
138 2623 304 2710 antistes,
345 2626 408 2723 qui
437 2625 482 2698 ad
512 2620 743 2700 confellronis
765 2644 862 2700 arnta
890 2647 970 2702 non
1002 2628 1119 2702 verbis

88 2789 111 2828 ‚,
137 2733 314 2832 plebem,
360 2732 418 2811 fed
450 2733 548 2811 lauis
575 2734 809 2813 cohortetur:
852 2750 889 2813 et
907 2738 1119 2814 imminente

88 2900 112 2938 „
138 2845 377 2931 Antichristo.
407 2858 506 2944 paret
519 2844 565 2923 ad
579 2846 742 2945 praelium
763 2843 891 2922 milites
906 2871 983 2925 non
1000 2847 1118 2926 solum

88 2956 314 3053 „sermonis
335 2974 371 3033 et
394 2959 494 3034 uocis
518 2960 778 3053 incitamento,
821 2957 878 3035 fed
897 2957 978 3037 lidei
994 2976 1030 3039 et
1048 2964 1119 3036 vir·
1139 3030 1154 3055 ,

88 3123 112 3163 „
141 3071 229 3146 tutis
250 3066 420 3169 exemplo
436 3124 470 3162 ‚,.
528 3069 609 3148 Nos
634 3093 748 3158 tero,
787 3073 849 3170 qui
870 3071 950 3174 poli
968 3088 1025 3149 tot
1048 3074 1118 3150 iant

88 3179 203 3260 [ecula
222 3182 336 3278 magis
369 3182 566 3281 propinqui
591 3185 716 3284 utique
746 3181 888 3273 summ,
927 3199 1006 3261 tum
1031 3207 1119 3261 uero

88 3317 178 3380 eos,
207 3295 272 3394 qui
293 3289 372 3391 ipfis
398 3289 603 3387 Antichristi
625 3289 850 3393 temporibus
883 3295 996 3375 futuri
1014 3293 1120 3384 sunt',

90 3418 224 3480 cautos
243 3403 346 3482 limul
362 3403 532 3492 reddere,
561 3428 603 3485 ac
622 3404 723 3482 solari
742 3405 899 3493 debent,
929 3430 1008 3506 quae
1024 3407 1120 3484 idem

89 3512 128 3589 S
147 3530 279 3615 martyr
301 3515 399 3614 epist.
420 3525 489 3608 67.·
514 3518 551 3592 in
576 3515 746 3618 responso
763 3516 944 3616 synodico
958 3522 995 3593 in
1021 3518 1120 3597 causa

88 3623 272 3723 lapsorum
291 3626 353 3705 lub
371 3626 618 3727 perfecunone
636 3625 671 3718 c)
683 3629 868 3729 rescribit,
900 3642 941 3706 ttt
967 3653 1034 3707 nos
1054 3635 1122 3708 eri·

90 3749 179 3838 gat:
225 3791 248 3831 ,‚
268 3736 347 3816 Nec
365 3761 433 3817 uos
460 3755 629 3830 moveat,
669 3741 796 3818 fratres
823 3738 1059 3831 olentium,
1096 3741 1121 3817 fi

571 3872 653 3976 84
920 3867 1068 3982 qmm

132 4027 171 4104 a)
189 4022 232 4088 lb.
250 4044 279 4105 p.
297 4041 368 4102 255·
431 4029 465 4105 b)
486 4046 515 4107 p.
533 4043 604 4106 272.
667 4030 699 4107 e)
719 4046 748 4107 p.
772 4045 841 4108 ψ.
