2506 4958
274 243 425 320 regnum
443 215 572 316 Christi
589 221 630 299 in
644 221 764 302 terrio
781 244 810 303 c.
824 218 969 302 XLIII.
1087 245 1137 322 57

98 384 236 488 stopie,
272 381 508 484 presbyteris,
555 395 590 461 et
616 383 813 474 ministris,
858 385 1048 463 anathemo
1078 383 1138 480 fir.

107 499 364 580 Existimarunt
389 495 457 574 sese
492 493 732 578 Protestaotes
759 498 931 597 expedire
969 495 1068 599 posse
1095 501 1140 576 ab

107 619 176 696 hac
195 611 368 711 potestate
386 608 625 696 hierarchica,
653 611 690 685 iu
717 611 878 689 medium
899 611 1072 711 produsiu
1091 611 1140 687 sa·

107 749 166 807 cra
191 726 363 821 scriptura
392 746 460 801 ceu
483 721 659 822 cynosura
680 730 723 800 et'
737 723 881 807 iudice,
910 724 968 800 sed
992 723 1140 824 quando

105 833 1141 923 adarbitriumetdecisronemresseuir,aiiterLutberus,

106 957 208 1032 aliter
222 949 450 1049 Zwinglius,
469 947 569 1025 aliter
589 945 779 1034 Calvinus,
797 962 851 1032 et,
869 960 911 1022 ut
934 973 1008 1024 rem
1026 947 1139 1045 palam
1182 1033 1192 1050 ,

107 1069 244 1145 edicam
263 1064 362 1139 aliter
377 1062 577 1160 principes,
597 1072 633 1135 et
648 1082 744 1135 arma
760 1059 982 1136 deciderunt.
1012 1058 1143 1139 Motus
1164 1078 1167 1083 ’

106 1175 259 1256 seditiosi
276 1176 513 1259 rusticorum,
537 1171 873 1272 Anabaptistarum,
899 1186 934 1247 et
951 1195 971 1247 a
988 1171 1144 1250 Carolu-

108 1293 220 1367 ssadio
235 1289 399 1369 excitati,
422 1287 485 1383 qui
502 1284 651 1383 propius
673 1281 875 1360 Lutberum
895 1284 1148 1381 attingebant,
1213 1376 1216 1381 ,

108 1406 259 1500 eiusque
282 1422 365 1474 cum
383 1395 572 1494 Zwinglio
592 1398 869 1481 contentiones,
899 1396 1036 1475 mustos
1061 1410 1140 1474 tum

107 1518 313 1614 principum
344 1513 558 1586 eumerium
589 1511 752 1586 virorum
789 1507 984 1587 dodorum
1008 1525 1144 1586 averte·
1186 1512 1191 1517 '

108 1628 193 1701 bant
210 1619 535 1700 aLutbetanismo:
555 1621 650 1697 unde
664 1619 838 1696 ordinum
852 1623 1014 1720 imperii,
1034 1623 1142 1698 etiam

107 1759 211 1813 novae
236 1735 406 1810 doctrinae
430 1730 652 1818 faventium,
693 1736 754 1830 qui
782 1734 852 1806 iam
877 1732 995 1808 causas
1021 1732 1083 1809 bas
1097 1732 1144 1810 ad

107 1849 258 1925 comitia
289 1842 544 1938 Norimbergae
574 1865 630 1916 an.
666 1861 782 1932 1524.
811 1840 1019 1928 trahebant,
1050 1847 1143 1920 inter

109 1961 144 2035 se
164 1956 365 2039 discordiae,
386 1975 465 2051 quae
481 1955 518 2028 in
533 1953 691 2028 comitiis
705 1950 932 2052 Spirensrbus
945 1978 999 2028 an.
1026 1967 1143 2044 1526.
1244 2038 1250 2065 ἱ

110 2070 235 2146 sedatae
265 2066 496 2151 videbantur,
545 2077 654 2161 atque
681 2066 857 2163 cuiusque
887 2064 995 2141 status
1023 2067 1041 2162 (
1056 2065 1143 2142 dum

111 2182 255 2257 interim
290 2175 495 2257 Ratisbonae
523 2173 732 2276 pontificius
755 2173 892 2274 legatus
915 2175 1009 2252 card.
1036 2175 1146 2255 Cam·

110 2295 239 2392 pegius
264 2290 299 2366 id
327 2287 493 2365 acaesaris
527 2286 636 2364 fratre
660 2285 889 2365 Ferdinando
922 2289 1147 2389 ducibusque

110 2403 262 2482 Bavariae
300 2404 468 2486 obtinet,
514 2416 556 2477 ut
590 2398 867 2476 Wormatiense
896 2400 1082 2478 decretum
1106 2404 1144 2478 in

110 2515 181 2591 suis
222 2515 420 2591 ditionibus
460 2509 670 2588 servandum
711 2509 951 2600 statueretur)
994 2513 1145 2591 arbitrio

110 2630 150 2703 in
178 2625 241 2701 suo
268 2625 451 2702 territorio
480 2623 692 2699 reformatio
717 2623 833 2698 relisis
858 2626 972 2722 usque
1002 2625 1045 2699 ad
1071 2625 1145 2724 ple·

111 2741 254 2815 niorem
296 2736 547 2832 cognitionem
580 2734 782 2809 aconcilio
809 2735 967 2831 generali
999 2736 1056 2811 vel
1084 2757 1146 2812 ua·

111 2848 248 2933 tionaii,
277 2848 320 2921 ab
338 2848 573 2943 imperatore,
609 2843 706 2921 nulla
726 2844 906 2943 pontificis
932 2845 1015 2921 sassa
1044 2870 1148 2923 meu·

113 2965 235 3046 tione,
269 2957 475 3034 indicendo.
519 2955 688 3034 Motibus
707 2954 945 3035 nihilominus
964 2959 1148 3057 anabapti-

113 3074 231 3157 sticis,
284 3093 325 3151 ac
353 3069 653 3145 contentionibus
688 3092 774 3146 cum
804 3067 995 3168 Zwingiio
1027 3072 1148 3169 ingra-

112 3183 335 3261 vescentibus
362 3184 478 3257 maior
495 3205 577 3280 pars
593 3181 746 3261 statuum
766 3181 925 3268 censuit,
945 3180 1147 3260 libertatem

113 3293 336 3371 reformandi
372 3290 440 3368 esse
467 3291 780 3391 restringendam,
824 3293 1054 3394 modumque
1080 3318 1149 3395 po·
1231 3319 1234 3325 ·

114 3406 297 3490 nendum,
328 3429 373 3481 ne
394 3408 430 3480 in
448 3403 627 3481 infinitum
642 3404 813 3482 cresceret
830 3403 972 3483 licentia
994 3406 1152 3506 dogma·

116 3519 262 3592 tizandi.
285 3516 326 3593 ln
353 3519 511 3592 comitiis
531 3514 825 3614 Spirensrbusan.
846 3537 964 3606 1529.
978 3542 997 3594 a
1013 3521 1151 3597 maiore

116 3644 216 3730 parte
233 3651 425 3727 procerum
442 3631 626 3706 decretum
641 3627 728 3715 suit,
746 3642 787 3705 ut
802 3627 957 3706 edidium
970 3628 1150 3726 Wornsa·

118 3737 246 3825 tiense,
276 3739 529 3837 proutaiicubi
553 3740 608 3816 vei
627 3739 690 3827 stt,
717 3740 776 3816 vei
789 3765 869 3821 nou
883 3738 922 3817 sst
940 3745 1009 3817 iam
1027 3767 1153 3842 recep-

117 3867 220 3941 tum,
246 3848 293 3931 fic
310 3851 360 3929 ibi
376 3867 518 3930 maneat
541 3850 586 3929 ad
611 3851 774 3933 surorum
803 3877 920 3958 usque
941 3855 1149 3953 concilium.

608 3994 650 4079 D
681 4018 700 4094 ς
1010 3995 1099 4089 Hoc
