2506 4958
113 515 145 600 '⁶
462 508 606 607 Ecclesia
642 508 804 588 militans

116 672 226 776 Apud
264 695 333 750 noa
378 671 422 751 ad
461 671 570 750 finem
616 672 722 750 seculi
759 672 927 772 praeteriti
967 672 1160 768 Peterien,

116 788 310 891 Spenner.
342 782 494 883 Lange,
527 785 729 864 Comenius
763 786 1045 863 controversiam
1073 790 1167 871 hanc

116 901 216 1000 apud
243 895 482 976 Protestantes
514 916 799 975 commoverunt
834 900 926 974 inter
951 897 1162 991 Dotiores,

116 1037 213 1115 quos
245 1013 373 1088 citatus
415 1033 624 1110 anonymus
672 1012 875 1096 nominat.
932 1028 972 1088 ut
1023 1013 1165 1112 Anglor

115 1120 340 1221 Quakkeros
359 1116 406 1212 a)
419 1120 557 1209 iream,
580 1125 642 1223 qui
663 1122 856 1198 manichae
872 1126 1090 1202 vaticinandi
1107 1129 1170 1204 dc.

52 1298 55 1303 -
115 1241 235 1324 tenti,
281 1233 401 1335 paffim
428 1258 580 1337 quoque
607 1231 723 1312 seculo
749 1237 932 1334 preterito
964 1240 1064 1313 brevi
1106 1241 1170 1316 ad·

116 1367 313 1430 venturum
333 1343 504 1447 Regnum
525 1352 561 1423 in
587 1350 689 1425 terris
700 1348 924 1426 somniabant
948 1346 987 1435 b)
1011 1349 1057 1427 ad
1071 1376 1163 1453 quor

112 1465 225 1542 etiam
264 1461 421 1558 inspirati
459 1459 509 1537 illr
551 1462 755 1561 pertinent,
799 1462 862 1560 qui
895 1460 1087 1562 postquam
1125 1469 1164 1543 in

117 1573 235 1654 Gallia
281 1573 455 1649 maximas
494 1573 615 1650 turbas
648 1574 896 1649 excitaverunt
928 1570 1022 1650 Elias
1052 1575 1164 1654 Mari-

65 1736 69 1740 -
116 1709 193 1788 an.
224 1683 399 1764 Nicolaus
431 1682 570 1772 Facio.
613 1677 768 1761 ioannes
795 1676 907 1772 Ailut.
938 1689 974 1762 δι
1007 1686 1163 1768 Caenina

116 1794 307 1885 Portaies,
357 1794 591 1876 Germaniam
639 1794 849 1896 peragrati.
896 1799 1048 1877 eandem
1090 1827 1164 1878 ma.

75 1961 80 1970 ·
116 1913 214 1990 niam
249 1906 370 2009 paffim
404 1906 675 2006 inspiraverunt
745 1906 825 2002 Qui
851 1906 999 2010 quidem
1026 1915 1063 1990 in
1092 1915 1165 1994 hoc

116 2023 408 2124 conspiraverant
429 2037 515 2098 cnm
535 2013 713 2100 Chiiiastis
738 2020 901 2108 caretis,
933 2039 974 2099 ut
1004 2021 1163 2106 Ecclefiae

117 2130 510 2216 catholico-Romanae
544 2129 691 2232 eiusque
725 2134 834 2232 capiti
858 2122 901 2212 R.
923 2134 959 2214 P.
988 2131 1076 2214 diris
1103 2144 1165 2216 de.

99 2265 241 2336 roto.
287 2238 379 2326 mala
402 2249 526 2323 omnia
554 2267 596 2321 ac
619 2247 806 2322 interitum
836 2242 956 2347 paffim
987 2251 1176 2333 eiusmodi.

117 2355 445 2466 pseudoprophetae
463 2352 532 2435 fint
548 2354 718 2442 ominati.
751 2373 861 2458 atque
883 2361 927 2436 ad
951 2381 1062 2439 novas
1082 2388 1163 2443 ern.

117 2477 226 2554 ciaras
269 2491 396 2549 contra
429 2470 629 2548 Romanam
666 2469 855 2548 Ecclesiam
887 2464 982 2550 haud
1013 2480 1161 2566 minus.

118 2610 226 2687 quam
265 2602 392 2662 contra
433 2580 729 2661 Mahumedanor
764 2589 981 2677 animatior,
1011 2605 1164 2669 canente

116 2697 296 2803 classjcum
320 2697 391 2770 ianr
422 2704 640 2771 memorato.

159 2864 350 2944 orans.
394 2853 663 2943 militari

118 3044 1160 3122 ==....-—-=='=

444 3226 699 3310 Creon
770 3219 846 3312 IV·

390 3388 527 3484 Nostra
555 3388 667 3471 aeioiir'
699 3382 878 3490 Chiliosiae·

117 3547 275 3728 Quod
297 3574 383 3633 vero
412 3554 506 3634 bene
539 3552 674 3644 habet.
706 3549 864 3660 epochen
897 3558 1047 3663 quidem
1075 3587 1163 3643 cona

228 3673 377 3747 stituunt
415 3694 491 3746 non
519 3695 601 3747 raro
640 3668 784 3748 fanatici
815 3672 898 3761 isti,
948 3674 1006 3749 sed
1025 3683 1163 3765 annis,

116 3803 211 3880 quos
238 3781 495 3882 praefixerunt,
526 3784 595 3858 iana
622 3772 869 3883 praeterlapsis,
901 3789 953 3862 uti
966 3789 1062 3886 apud
1089 3789 1165 3866 lau·

117 3892 242 3970 datum
274 3892 325 3984 o)
357 3918 583 3996 anonymum
623 3896 744 3973 videre
770 3891 819 3972 est
843 3900 1008 3998 exempla
1050 3903 1086 3975 in
1110 3926 1166 3976 re-

115 4008 289 4083 centioris
331 4014 439 4082 aetatis
470 4012 577 4084 etiam
605 4008 870 4108 scriptoribus,—
911 4037 941 4087 e.
962 4034 996 4110 gr
1032 4010 1165 4090 Praedi·

117 4135 222 4197 cante
251 4116 469 4197 Berolinenfi
503 4123 608 4212 Seiz,
639 4127 702 4225 qni
721 4146 819 4201 anno
844 4142 960 4218 1720.
980 4122 1167 4205 vaticinari

902 4239 1080 4340 incipiens
1095 4293 1112 4330 ,

140 4286 412 4418 ‘okinma

1208 360 1210 445 i
