2506 4958
196 226 199 238 '
273 238 423 322 regnum
445 166 828 312 Chrissl'nsmhfs·
847 218 993 305 XHH’
1092 162 1145 322 ἐς
1224 308 1231 315 ’

105 391 276 469 dinantur
296 389 475 486 episcopi:
513 387 575 465 ubi
597 389 739 466 inverso
762 389 1144 491 ordinepresbyteria-

107 506 225 580 iiiios
258 505 350 577 circa
382 503 472 576 sacta
495 500 647 598 principi
678 517 879 600 negarunt.
911 504 1062 600 indigne
1091 503 1150 578 se··

107 633 246 697 rentes,
279 614 380 712 qood
398 631 505 712 caput
528 609 688 688 uiciesiae
705 615 738 689 ie
759 632 861 712 gerat
878 636 969 700 rex,
1001 615 1045 690 ab
1066 618 1144 714 epi.

105 727 306 826 soopalibus
335 724 416 800 ideo
442 729 478 799 iu
514 723 656 823 syuodo
687 722 909 802 Londinensi
934 727 1145 825 redarguti.-

107 856 148 916 ut
172 853 260 936 aput
298 834 461 913 Psaffiunt
489 831 531 937 o)
558 836 680 913 videre
715 838 774 914 est.
835 835 953 931 Quod
976 842 1142 929 mireris,

107 964 331 1026 memoratus
360 951 465 1024 etiam
489 944 583 1023 Rob.
606 945 808 1035 Parkerue,
848 949 936 1026 dum
962 952 1143 1049 principio

110 1065 226 1138 statim
242 1062 397 1160 probat.
427 1057 613 1157 politeiam
634 1056 701 1136 esse
715 1076 852 1160 partem
870 1065 974 1160 regni
989 1061 1141 1154 Christi,
1240 1049 1246 1085 ‘

106 1173 242 1250 nullam
273 1189 392 1248 tamen
412 1171 744 1247 subordinationem
772 1172 959 1272 agnoscit,
994 1175 1145 1276 presby-

104 1289 328 1363 terianorum
355 1283 494 1361 causam
519 1307 641 1382 agens.
700 1280 754 1361 Ex
771 1286 841 1360 vita
866 1308 954 1363 veto
979 1285 1144 1366 Matthaei

106 1395 272 1476 Parckeri
299 1394 405 1472 refert
440 1393 528 1494 saepe
559 1398 686 1472 citatus
714 1393 859 1474 Psaffius
883 1394 923 1489 i)
948 1396 1144 1477 Calvinum

106 1512 151 1587 ad
173 1505 379 1586 Eduardum
396 1503 462 1584 Vl.
485 1522 520 1583 et
541 1504 776 1584 Elisabetham
805 1512 966 1608 reginam
996 1508 1146 1612 scripsis-

109 1621 165 1706 se,
197 1622 230 1697 se
253 1643 335 1697 cuni
364 1617 432 1696 suia
457 1618 692 1703 hierarchiam
714 1621 955 1720 episcopalem
975 1621 1147 1721 Anglicass

109 1757 193 1810 iiam
213 1729 452 1808 lubentissime
465 1733 695 1828 agniturum,
726 1755 880 1831 eamque
899 1751 935 1810 et
950 1733 1017 1810 suis
1036 1739 1073 1810 in
1086 1759 1145 1813 ec-
1240 1801 1243 1809 .

111 1845 222 1922 cleliis
240 1842 552 1927 introduslurum‚
572 1838 728 1940 sipollit.
759 1841 882 1919 Refert
895 1844 1146 1943 porroc)cum

110 1954 270 2054 episcopi
307 1953 498 2051 Anglicani
534 1968 660 2029 contra
693 1951 980 2052 propositionem
1020 1956 1147 2056 synodi

110 2066 415 2147 Dotdracenaede
430 2065 629 2165 aequalitate
650 2067 895 2146 ministrorum
917 2065 1075 2145 Ecclefiae
1096 2069 1149 2146 sen

110 2178 272 2256 cundum
286 2183 340 2253 ius
355 2177 518 2254 divinum
532 2178 831 2277 protestarentur,
844 2195 881 2256 et
891 2177 1145 2271 caussateiitur.

112 2315 241 2367 omnes
255 2293 290 2364 in
309 2288 435 2386 Belgio
456 2288 641 2387 religionis
655 2294 776 2367 turbas
789 2315 833 2369 ex
849 2316 894 2368 eo
912 2295 1020 2379 oriri,
1042 2293 1153 2396 quod,

112 2402 290 2501 episcopis
307 2402 607 2487 destituerentur,
637 2401 838 2502 theologos
857 2403 984 2502 Belgas
999 2405 1148 2505 respon-

110 2514 222 2600 disse,
254 2514 287 2590 sa
313 2529 349 2590 et
368 2511 548 2591 ecclesiam
573 2514 806 2612 Anglicanam
825 2534 861 2596 et
879 2518 1046 2593 ordinem
1069 2520 1150 2617 epi·-

109 2627 291 2726 scopalem
318 2627 434 2701 facere
460 2631 635 2710 maximi.
677 2651 835 2727 euinque
866 2651 998 2724 cupere
1027 2633 1063 2705 in
1087 2652 1147 2708 ec-

111 2738 222 2816 clesiis
251 2739 318 2812 suis
338 2737 555 2823 stabilitum,
586 2735 647 2814 etsi
668 2739 704 2812 id
735 2762 802 2835 pro
836 2740 996 2836 praesenii
1024 2765 1146 2818 rerum

113 2853 204 2930 statu
226 2848 301 2925 lieri
325 2872 399 2924 non
433 2846 553 2947 possit:
602 2852 678 2924 inio
706 2847 1002 2947 Bogermannum
1033 2850 1150 2951 ptaefi-

114 2967 197 3041 dem
226 2958 385 3060 expresse
404 2957 618 3059 reposuisse:
648 2958 762 3036 Nubis
777 2984 845 3036 non
860 2960 961 3048 licet,
993 2960 1055 3062 effi
1071 2977 1149 3041 tam

115 3075 235 3153 dentis.
295 3073 410 3150 Notat
433 3096 548 3174 porro
566 3069 604 3160 d)
622 3069 763 3149 Psiffius
786 3098 900 3152 unum
923 3098 968 3150 ex
988 3075 1151 3154 Calvini·
1234 3118 1238 3126 .

116 3189 174 3265 stis
204 3186 445 3287 episcopum,
495 3187 558 3285 qui
582 3201 617 3260 et
635 3182 782 3263 titulum
813 3202 851 3263 et
873 3188 1169 3287 praecedentiam·

116 3300 310 3399 quamdam
338 3297 555 3398 singularem
584 3295 658 3373 aliis
696 3320 779 3374 cum
810 3304 1056 3398 ptaerogativis
1090 3299 1152 3377 lia-

115 3414 223 3498 beat,
255 3409 520 3488 Betolinensem
546 3433 677 3508 nempe
706 3409 808 3488 illum
841 3435 963 3508 arege
983 3409 1150 3490 Boruffiae

119 3522 303 3602 Friderico
329 3523 355 3600 l.
385 3537 575 3611 creatum,
607 3538 715 3621 atque
735 3521 827 3599 adeo
849 3525 1061 3624 neutiquam
1090 3546 1151 3601 or·

115 3634 304 3716 dinatione
326 3632 553 3712 ecclesiastica
576 3635 791 3712 institutum.

596 3794 624 3874 E
657 3818 675 3886 3
993 3796 1097 3878 Nihil

163 3933 247 4010 all.
271 3932 308 3997 ll.
332 3953 361 4012 p
389 3955 434 3998 ιο.
500 3933 737 4012 1))Βοῐιιοοοῐῐ.
760 3935 847 4019 episc.
868 3954 938 4022 aa.
961 3956 991 4019 p.
1017 3946 1082 4018 376.

161 4017 338 4099 olbis-n
366 4036 433 4097 ιιι
497 4023 675 4098 din-wi
