2506 4958
85 280 96 297 .
191 249 345 333 regnam
377 224 507 327 coristi·
533 230 574 308 in
600 231 721 310 tertis»
751 251 780 310 t.
810 185 954 312 XXIV.
1019 252 1099 333 205

66 399 346 479 enmnnicaeent
375 397 412 472 in
439 393 509 472 fide
536 416 620 471 cum
657 391 812 472 Valente
844 408 881 473 et
910 390 1103 490 Eudoxio.

66 508 326 615 persuadente:
382 530 422 584 ac
453 505 478 582 fi
515 505 605 582 nihil
634 504 837 594 intendet,
882 508 985 607 quod
1027 532 1104 589 tem

67 621 225 725 [petat.
257 622 351 697 inter
384 634 575 718 utramque
612 617 836 705 doctrinam,
868 618 1035 697 Arianam
1061 642 1105 701 ac

64 732 308 815 catholicam,
337 726 401 807 nili
422 734 459 806 in
484 730 634 807 vocibus
658 729 898 830 quibusdam.
931 746 972 809 ut
992 731 1106 835 pluri.

67 847 139 927 bur
159 867 241 923 reru
267 842 525 921 Theodotetus
555 837 594 929 a)
615 856 765 919 enarrat

130 1002 282 1087 Atceilit
312 1002 356 1080 ad
390 1001 576 1081 cumulum
607 1003 825 1101 impietatis.
873 993 978 1107 quod
1009 1004 1111 1087 ticil-

68 1116 137 1197 lim
168 1114 231 1193 libi
262 1112 394 1193 Valens
423 1113 624 1215 persuaderi
650 1112 693 1191 fit
722 1112 835 1214 pasius
867 1115 1109 1199 aTnenisttn

71 1228 297 1335 philosopho
331 1226 480 1327 gentili.
531 1228 674 1329 quasvis
715 1225 777 1305 fibi
813 1226 971 1307 adversas
1005 1230 1112 1311 ledan

73 1340 226 1421 eandem
250 1338 450 1427 honorate,
480 1336 546 1415 suo
563 1339 731 1440 quaelibet
748 1342 841 1427 ritu.
863 1339 1110 1440 divinitatem

72 1472 236 1553 cumque
264 1448 363 1529 Deus
387 1472 543 1538 omnes,
576 1448 650 1526 illas
670 1451 819 1551 perinde
842 1451 1026 1543 sustineat.
1056 1472 1112 1534 at·

77 1578 297 1669 gumentum
323 1558 413 1651 else.
452 1561 553 1662 qood
583 1585 708 1639 earnm
738 1562 875 1642 nullam
902 1564 1110 1667 despicere,

72 1700 121 1757 ac
138 1674 293 1779 proinde
319 1697 420 1775 aeqoe
451 1670 605 1773 fingulas
639 1674 793 1752 tolerate
823 1694 931 1777 queat
961 1680 1116 1782 impert·

75 1802 151 1870 tor.
212 1786 335 1882 Quam
375 1784 411 1861 in
452 1808 528 1862 rem
570 1785 707 1886 prostat
734 1782 924 1865 Themistii
960 1794 1112 1883 oratio.

77 1914 297 2000 narrantque
334 1921 411 1974 rem
454 1896 617 1974 Socrates
645 1897 764 1974 etalii
796 1897 982 1977 historici:
1026 1904 1116 1983 telle
1178 1988 1181 1993 ,

76 2035 230 2119 quoque
253 2008 366 2090 Paulo
400 2008 557 2085 diacono
586 2004 625 2096 l)
658 2064 680 2099 „
701 2005 834 2085 Valens
854 2010 893 2084 in
922 2009 1114 2096 Antiochia

78 2182 103 2221 ,‚
132 2124 292 2227 plurimo
322 2136 490 2221 tempore
513 2132 781 2207 commoratur.
812 2122 983 2201 omnibus
1002 2123 1116 2203 licen.

81 2292 105 2334 „
135 2242 221 2315 tiam
248 2234 368 2321 dedit,
396 2233 454 2311 lua
481 2230 573 2309 lacta
591 2228 819 2321 celebrandi,
837 2233 1032 2332 gentilibus
1053 2236 1117 2316 ici·

81 2406 107 2446 υ
134 2348 238 2436 licet,
275 2362 384 2446 atque
416 2342 561 2433 ludaris,
594 2366 768 2422 necnon
800 2347 971 2425 omnibus
1006 2349 1119 2428 harre·

83 2516 107 2556 „
136 2463 259 2552 ticis„.
304 2453 441 2536 Eodem
468 2479 605 2555 porro.
651 2477 727 2556 qun
758 2454 979 2538 Themistiut
1010 2485 1122 2562 argu.

82 2588 213 2650 mento
237 2571 282 2646 de
313 2567 550 2645 indifferentia
574 2568 692 2645 cultus
713 2568 843 2656 divini,
875 2564 956 2647 usus
978 2574 1027 2650 eli
1051 2580 1121 2675 po·

81 2686 155 2762 stea
181 2682 242 2760 sub
273 2679 528 2756 Valentiniano
565 2680 707 2755 iuniore
738 2677 976 2778 Symmachus
1016 2687 1119 2766 urbia

86 2794 288 2898 palatius,
316 2791 514 2892 supplicans
532 2794 681 2866 nominc
700 2784 841 2865 senatui
861 2787 1044 2883 Romani.
1075 2809 1121 2876 ut

84 2907 330 2985 restitueretur
358 2926 416 2981 ara
446 2900 625 2990 vitione.
669 2915 711 2981 ut
734 2903 868 2979 ineius
899 2903 1072 2985 relatione
1086 2904 1125 3012 a)

87 3019 210 3118 legere
229 3018 290 3095 est.

89 3195 1124 3238 ...u—Q

150 3312 422 3392 Valentinianus
440 3311 516 3408 sen.
550 3315 589 3389 in
622 3314 766 3391 exordio
802 3317 945 3412 imperii
969 3320 1069 3396 circo

147 3427 315 3506 damatam
354 3448 445 3501 oorae
470 3422 655 3521 religionis
682 3422 905 3523 indifferens,
946 3431 1070 3510 iunior

321 3535 481 3622 inllindu
506 3541 634 3614 matris
658 3534 898 3635 defraudator.

91 3645 203 3817 Ad
230 3697 525 3778 Valentinianum
569 3698 637 3775 len.
671 3686 836 3776 'Valentis
869 3696 1013 3781 frattenr
1039 3717 1127 3807 pto·
1226 3664 1229 3669 Ι

206 3826 357 3890 vocatur
391 3816 428 3891 in
454 3826 544 3889 mox
577 3824 778 3889 memorata
812 3810 987 3893 relatione
1021 3814 1128 3919 Sym·

138 4031 174 4109 a)
200 4026 250 4091 nb.
265 4014 314 4091 ii.
339 4040 367 4092 c
394 4038 442 4105 aa.
505 4027 540 4105 a)
560 4018 611 4090 lin
635 4022 705 4091 xit.
728 4013 793 4089 itt.
817 4024 897 4095 mlle„
933 3927 1081 4018 mehir

187 4114 219 4193 e)
240 4111 270 4178 δ.
294 4110 424 4179 nebrot
445 4128 516 4191 opo.
544 4108 581 4176 T.
605 4107 642 4175 ll.
664 4128 695 4192 p.
718 4118 790 4185 828.
