2506 4958
119 514 124 523 ’
157 526 252 605 2130
363 578 370 589 .
538 502 685 601 Erchia
709 500 871 589 militans

156 682 205 753 et
221 668 397 749 iauitnar
419 688 444 747 a
455 668 608 768 penatis
630 664 755 758 notirir
777 672 817 747 in
837 665 1017 767 sanguina
1029 665 1111 767 frua.
1168 670 1211 751 fl
1252 671 1253 680 '

155 780 257 887 ,fecit
271 805 333 859 nor
349 802 500 879 regnum
518 834 530 867 .
558 792 595 857 et
608 778 806 861 Sacerdotes
823 778 925 870 Dea,
951 792 986 857 et
1004 779 1114 859 Patri
1130 784 1208 885 saon

83 920 88 929 ·
158 894 233 977 1³.st
253 895 326 973 hoc
343 892 580 973 Socmiotiran
601 890 792 993 santium,
830 893 878 971 de
902 916 978 995 qua
1010 890 1052 981 a)
1073 893 1123 975 D.
1145 896 1212 977 Pa·

158 1021 248 1087 nrm
271 1009 309 1084 in
331 1008 446 1109 prima
462 1004 559 1107 epist
573 992 710 1083 rutae·
728 1003 972 1107 compellam.
990 1026 1055 1085 uas
1072 1020 1212 1103 autem,

157 1121 318 1223 iuquit,
349 1138 466 1215 genus
497 1112 661 1205 ermon,
683 1115 803 1215 regale
829 1114 1099 1217 sacerdotium,
1123 1144 1213 1219 gens

41 1244 51 1261 ‘
167 1230 312 1337 santia.
337 1224 484 1328 popano
499 1216 754 1325 acquisitionis:
787 1234 829 1305 ut
850 1232 1006 1306 virtutes
1020 1237 1213 1313 annuntia·

42 1372 47 1381 ·
160 1346 223 1423 tts
250 1343 351 1429 mur,
381 1342 444 1437 aui
467 1336 510 1419 do
532 1338 686 1419 tenebris
701 1362 767 1419 nor
787 1343 934 1417 uacauit
956 1334 998 1419 in
1014 1334 1214 1423 adonirabi.

153 1452 206 1541 zia
231 1452 348 1533 lumen
365 1446 495 1553 suum,
535 1454 724 1554 participes
764 1450 936 1530 nimitum
969 1456 1110 1534 'virtutis
1134 1460 1214 1539 eiut

159 1568 212 1661 ⁴iu
237 1586 355 1666 reguo
371 1564 484 1653 itlius,
500 1562 547 1641 da
564 1583 642 1666 quo
667 1562 780 1664 Apoc.
799 1561 860 1643 ΙΙΙ.
880 1584 936 1643 21.
964 1562 1041 1669 Qui
1060 1570 1213 1665 vineit,

63 1720 69 1733 =
173 1674 263 1758 doio
283 1681 316 1755 ei
324 1674 450 1777 sedere
466 1696 600 1752 merum
620 1678 661 1752 in
687 1666 817 1757 torono
843 1686 949 1754 ntor
975 1674 1063 1770 linet
1088 1690 1125 1759 at
1149 1704 1214 1779 aga

171 1792 272 1879 vici.
299 1799 335 1867 et
348 1780 429 1889 sedi
446 1808 526 1865 cum
553 1784 663 1865 Putre
677 1810 753 1864 mea
771 1789 812 1864 in
828 1782 958 1864 titana
980 1780 1065 1869 eius.
1122 1790 1214 1875 Huc

154 1892 195 1985 *a
208 1900 355 1983 Christo
380 1898 530 1977 homine
551 1898 750 1987 dicuutur,
780 1912 821 1977 ut
840 1890 991 1980 habetur
1017 1894 1070 2005 lm
1090 1918 1125 1983 v.
1147 1924 1212 2001 27.

172 2010 381 2107 Potestatem
405 2008 501 2089 tetro
520 2012 555 2088 ei
573 2006 745 2088 iudicium
760 1998 916 2111 facere.
945 2006 1134 2113 puiajiliue
1150 2016 1214 2096 ho.

172 2128 282 2205 minis
303 2121 356 2215 est.
414 2120 520 2202 Hanc
538 2146 623 2203 cum
651 2114 822 2224 apostotos
848 2124 1125 2205 communicant
1143 2152 1212 2231 po-

173 2232 361 2327 testatem,
401 2232 500 2313 Data
520 2230 566 2326 eoi
586 2226 700 2325 miii,
742 2230 890 2335 iuquit.'
920 2232 960 2325 b)
983 2240 1097 2317 omnis
1113 2252 1215 2337 pote.

54 2407 62 2423 ,
164 2349 238 2447 ,iias
258 2352 297 2425 in
323 2345 404 2426 cala
426 2348 521 2422 etin
544 2359 656 2424 terra.
714 2344 840 2437 Euntet'
859 2370 944 2444 erga
967 2348 1079 2426 docete
1095 2374 1213 2432 omnes

168 2473 318 2562 gentes:
357 2458 578 2555 baptizantes
608 2482 662 2536 eos
686 2461 725 2534 in
750 2462 891 2536 nomine
918 2458 1039 2537 Patris
1062 2474 1097 2539 et
1128 2464 1213 2543 Filii

54 2566 59 2581 '
174 2584 209 2649 et
232 2573 385 2669 Spiritus
400 2568 527 2668 sarriii.
587 2570 754 2646 Docentes
796 2592 853 2648 eos
874 2569 1027 2669 servare
1063 2582 1211 2668 omnia,

19 2736 25 2751 .
174 2704 381 2782 quoacunque
408 2680 578 2756 nrondaui
609 2676 734 2759 vobis:
779 2690 813 2760 et
837 2700 911 2761 aare
935 2707 996 2781 ego
1031 2685 1212 2766 vobiscum

166 2794 249 2896 snm
276 2790 434 2870 amnibus
465 2789 582 2868 duabus
607 2790 712 2890 usque
742 2794 789 2869 ad
814 2795 1141 2894 consummationem
1155 2801 1214 2900 se.

29 2972 32 2977 ⁴
174 2905 257 2986 culi.
314 2902 400 2983 Haec
423 2902 651 3006 Apocalypfis
679 2904 788 2983 veluti
820 2924 1075 3007 argumentum
1103 2913 1210 3004 sunt,

175 3042 252 3121 quo
279 3016 460 3094 animandi
493 3015 635 3095 fuerant
667 3015 787 3097 fideles
823 3043 864 3096 ac
893 3043 1020 3099 eorum
1053 3026 1212 3124 pastores

175 3133 351 3228 imprimis
371 3186 381 3217 .
405 3142 531 3207 contra
544 3154 602 3217 ea,
635 3154 712 3232 quae
730 3129 937 3228 perferenda
958 3151 1092 3211 etanta
1114 3136 1212 3216 iecu-

174 3244 200 3321 tt
226 3242 332 3319 huius
357 3240 614 3343 potestatibus,
637 3256 677 3320 ut
694 3239 843 3329 scirent.
873 3242 1054 3324 Christum
1088 3249 1213 3326 testem

173 3355 315 3431 fidelem
345 3352 517 3450 evangeiii
544 3353 754 3441 auiiorem,
795 3356 1081 3455 primogenitum
1113 3385 1215 3438 mor·

173 3482 326 3545 tuorum
345 3484 390 3541 ex
412 3463 666 3541 resurreiiioue
680 3463 737 3542 sua
760 3490 779 3540 u
800 3471 979 3558 mortuis,
1011 3474 1212 3571 principem

174 3601 302 3678 regum
331 3590 459 3662 terrae,
490 3579 554 3675 qui
576 3599 642 3651 nor
666 3579 734 3653 iam
760 3576 930 3678 sanguine
958 3583 1023 3660 suo
1051 3582 1221 3659 redeme!

174 3706 254 3766 rat:
282 3682 419 3787 erfecit
441 3708 503 3760 nur
527 3709 703 3782 regnum,
734 3701 768 3764 et
774 3688 971 3787 sacerdotes
994 3692 1067 3769 Deo
1090 3707 1125 3770 et
1143 3693 1212 3771 Pu-

174 3803 227 3875 tri
242 3797 321 3896 stra.
381 3794 448 3895 Ipfl
461 3786 585 3895 gioria
613 3803 861 3900 erinperium
888 3805 927 3880 in
948 3802 1088 3904 serula,
1112 3805 1211 3906 secu

173 3908 299 3988 torum
359 3908 484 3988 Amen.

211 4335 245 4422 a)
267 4331 289 4400 1.
313 4332 372 4401 Pet.
397 4333 434 4402 ΙΙ.
460 4354 541 4418 pp.
605 4338 639 4417 b)
660 4336 763 4404 natm
789 4336 934 4407 xxvut.
960 4310 1009 4417 a&
1098 4210 1141 4294 1¹¹
