2506 4958
282 144 435 308 regnunt
466 202 596 299 cirilli
623 210 663 284 in
696 190 816 290 terris.
849 234 878 291 c.
909 206 958 290 Χ
1106 235 1161 315 47

108 376 281 475 telligunt
299 377 536 472 interpretes,
568 371 702 450 subdit:
742 371 818 476 Qui
840 378 958 465 enim,
989 377 1058 465 nit,
1081 381 1164 455 vir.

103 492 275 588 ginitotis
304 489 488 581 integrum
505 483 718 582 servaverit
740 487 989 583 propofitum,
1035 501 1070 565 et
1103 493 1162 568 de.

108 601 223 697 eulogi
245 609 419 697 precepto
430 595 588 693 fideliter
604 597 840 694 impleverit,
871 612 905 675 et
921 598 1021 701 feror
1046 626 1161 682 morer

109 714 169 793 oei
198 717 358 810 impuros
383 712 612 804 cogitationes
634 712 734 786 intro
761 712 876 788 cordis
893 711 1089 790 cubiculum
1105 720 1164 792 in.

103 825 313 927 guloeerit,
342 846 387 899 ne
413 823 640 899 dominentur
664 825 727 910 ei,
768 821 827 909 ilie
855 822 899 911 eli
921 848 1030 904 verus
1041 826 1164 925 socer.
1223 876 1226 881 -

108 943 166 1018 dos
194 934 345 1024 Cerilli,
376 945 411 1011 et
437 932 676 1010 millenarium
700 956 888 1011 numerum
911 938 1163 1035 perficientiu-

105 1065 208 1149 tegre
227 1048 386 1126 creditur
412 1069 566 1144 regnore
593 1070 671 1121 cum
702 1045 862 1136 Chriilo,
894 1061 929 1125 et
956 1053 1046 1128 reiie
1068 1051 1165 1148 aperi

110 1188 188 1242 enm
224 1159 354 1258 ligatur
381 1153 426 1246 eii
460 1153 628 1234 diabolus.
687 1157 782 1238 Puto
798 1150 849 1237 ¹8.
875 1179 1068 1263 martyrem
1102 1164 1162 1242 hic

110 1274 335 1377 singulariter
355 1272 400 1348 ad
431 1268 518 1349 illud
548 1270 722 1371 respicere
755 1275 869 1375 Apoc.
898 1271 1006 1353 XtV.
1038 1296 1072 1369 4
1105 1274 1163 1351 Hi

100 1388 216 1489 sunt,
263 1388 325 1483 qui
358 1406 438 1461 cum
463 1380 671 1460 mulieribus
699 1408 769 1458 non
796 1384 885 1485 sunt
917 1386 1161 1484 coinquinati.
1222 1468 1226 1481 ,

111 1502 274 1598 virgines
301 1499 396 1572 enim
417 1484 529 1594 ſsent,
573 1506 606 1570 et
623 1494 825 1603 seqrruntur
853 1520 985 1595 egnum
1009 1523 1164 1596 quoeran-

110 1637 176 1712 que
204 1610 316 1700 ierit,·
342 1612 404 1711 qui
427 1609 495 1686 dici
521 1604 666 1708 possunt
681 1610 892 1687 Sacerdotes
920 1616 1060 1712 proprii
1080 1594 1177 1691 cor?

112 1728 213 1827 poris
234 1723 310 1807 sui,
342 1721 488 1822 seipsos
522 1720 776 1800 immaculatos
801 1725 838 1799 in
870 1722 1077 1802 sacrificium
1106 1725 1163 1802 os-

109 1838 266 1916 ferentes
297 1831 389 1912 Deo.
449 1832 484 1911 S.
509 1828 663 1911 lacobus
693 1832 884 1911 Ntfinenus
904 1859 960 1934 ep.
987 1834 1025 1923 o)
1049 1836 1164 1913 dera-

112 1972 192 2050 gno
239 1944 409 2047 spirituali
444 1944 721 2023 christianorum
770 1943 948 2023 Sermone
985 1945 1032 2022 V.
1076 1947 1166 2025 illud

111 2056 329 2163 Apocalypsi
355 2055 551 2137 &loannis
568 2058 765 2155 analogum
793 2056 933 2135 versans
959 2055 1054 2135 Dan.
1079 2056 1164 2138 Vll.

117 2187 180 2260 18.
213 2170 362 2265 ltaque,
402 2171 543 2271 inquit.
576 2190 726 2267 regnum
749 2164 953 2268 seculorum
980 2169 1168 2247 hereditat

109 2283 260 2383 perpulur
276 2280 438 2377 feralius,
460 2283 523 2377 qui
540 2278 613 2358 loco
628 2291 661 2357 et
680 2284 758 2358 vice
770 2283 887 2378 primi
903 2279 1026 2379 populi
1044 2280 1166 2358 eieiiur

114 2397 169 2487 esi.
232 2396 451 2473 Proeocoait
477 2393 550 2470 ilos
577 2395 616 2467 in
640 2416 702 2481 eo,
734 2397 796 2489 qui
824 2417 894 2470 non
924 2393 968 2482 eli
989 2393 1164 2492 populus,

115 2514 211 2587 etin
230 2521 339 2607 gente
369 2504 473 2594 linito
502 2506 673 2582 irritavit
696 2506 780 2583 illos.
839 2505 884 2583 lit
907 2505 1079 2586 lilrerovit
1101 2524 1167 2604 po.

112 2621 238 2721 parium
248 2620 355 2719 suurn
379 2619 535 2712 serrium
558 2617 781 2712 peculiarem.
842 2619 940 2696 Nom
959 2644 1058 2696 omne
1074 2619 1169 2715 queri

112 2733 328 2834 feneratum
362 2729 509 2821 estem
538 2728 637 2816 Deo,
668 2741 867 2828 exemptum
902 2728 945 2823 eli
981 2731 1168 2810 aretinis

117 2870 243 2945 regum
269 2859 302 2920 et
324 2847 538 2942 principum.
599 2841 778 2946 Quemvis
799 2841 925 2943 oiiquir
953 2841 1164 2932 idololatra,

81 2984 86 2995 ⁴
117 2974 152 3035 et
180 2984 226 3035 ex
242 2956 408 3055 gentibue
425 2952 652 3054 servus—fit,
696 2959 814 3030 eodem
837 2956 953 3042 horo,
985 2979 1053 3051 quo
1073 2979 1169 3032 occe.

118 3073 172 3147 elit
189 3067 356 3169 aelfredus
380 3066 467 3155 Dei,
475 3066 523 3163 sit
546 3065 662 3144 liber:
691 3080 814 3144 contro
831 3069 884 3142 iiii
895 3079 1103 3164 permanent
1127 3071 1169 3144 in
1207 3121 1213 3133 ·

111 3184 293 3282 servitute
314 3182 511 3280 servientes
531 3183 626 3254 inter
646 3190 780 3276 genter.
842 3184 890 3258 Ar
910 3201 996 3256 vero
1023 3180 1063 3255 eie
1081 3177 1170 3278 son-

119 3300 181 3373 tris
191 3294 240 3389 iic
264 3297 344 3370 ait:
374 3292 646 3371 Hereditabunt
674 3316 853 3392 regnum,
887 3293 988 3393 quod
1011 3291 1074 3369 sub
1091 3318 1170 3372 coe·

120 3408 159 3484 lo
184 3409 260 3500 est3
282 3404 317 3502 fi
343 3419 458 3482 nutem
479 3405 520 3480 de
545 3404 613 3480 illis
629 3406 698 3482 hec
717 3406 807 3480 csilio
823 3408 941 3502 sunt‚·
971 3402 1170 3504 quoreser.

120 3524 230 3596 viunt
257 3522 352 3594 inter
375 3530 498 3614 gentes
514 3520 535 3593 ‚⁹
583 3514 711 3621 Quodn
742 3515 986 3614 responderint
1016 3518 1172 3609 nondum

112 3627 281 3729 fantem,
308 3631 371 3725 sed
383 3630 473 3726 fiet:
504 3628 587 3705 Ecce
612 3626 772 3724 Regnum
802 3631 894 3726 quui
923 3632 1052 3727 accipit
1068 3629 1169 3726 filins

119 3745 304 3834 henneis.
349 3742 425 3821 celi
461 3755 497 3819 et
516 3755 621 3821 terra
643 3764 794 3840 regnum
823 3738 875 3835 eli.
938 3743 1015 3820 lone
1036 3741 1169 3840 scripti

535 3872 540 3879 ‘
1029 3851 1121 3951 sunt

159 4063 198 4144 a)
220 4058 257 4128 s.
281 4060 318 4132 V.
341 4057 417 4130 not
441 4057 493 4128 ll,
518 4080 547 4143 p.
567 4055 648 4135 XL).
