2506 4958
63 228 72 245 '
190 180 343 339 regnan
373 230 503 343 Christi
523 237 565 313 in
590 235 703 315 terrie
730 258 759 315 c.
789 232 913 321 XXV.
986 166 1178 335 sarpa·

55 402 241 487 ratotibur
258 398 461 501 impensum
479 396 524 477 ad
546 396 690 476 eosdem
717 400 847 477 unitati
867 394 1027 481 Eccleiiae
1043 424 1103 479 re-
1221 488 1225 493 ¹

52 513 281 604 bituendoa,
296 512 600 611 indignabantur.
619 527 661 589 ut
679 510 746 587 illia
764 510 800 591 S.
819 511 1041 611 Augustinus
1061 510 1104 603 u)
1203 532 1207 539 ·

54 628 282 729 exprobrat:
311 682 336 719 ‚,
351 622 470 719 Quod
483 627 500 720 (
510 617 655 724 inquit)
669 625 706 709 in
724 624 832 701 nobit
847 624 964 703 modo
979 648 1099 725 repre·
1204 642 1208 651 ·
1232 670 1235 685 ·

54 796 80 838 „
107 739 296 826 bendunt,
327 752 368 816 ut
385 736 564 837 decipiant
580 737 791 833 impetitor,
820 735 1101 816 dicenteazuort
1208 792 1212 801 -

52 908 79 951 „
109 851 242 933 debere
259 848 471 931 christianos
482 862 610 924 contra
626 848 794 926 inimicos
813 845 946 928 Christi
962 848 1104 951 aliquid
1173 928 1176 933 .

57 1020 82 1062 „
112 963 345 1043 achristiania
371 960 651 1061 imperatoribus
676 959 881 1059 postulate,
915 958 980 1061 ipsr
1000 965 1104 1062 prio·

57 1134 84 1174 ,
112 1100 169 1155 rea
185 1076 361 1169 iecerunt.
418 1072 535 1167 Quod
555 1075 662 1148 etiam
680 1072 719 1149 in
741 1071 965 1177 collatione.
990 1096 1103 1175 quam

58 1245 85 1285 ,
113 1186 217 1267 finani
236 1187 332 1286 apud
350 1183 612 1284 Carthaginem
631 1182 841 1272 habuimus.
869 1206 1006 1283 negare
1025 1208 1103 1267 uon

59 1356 87 1398 „
113 1298 196 1380 sunt
212 1297 305 1378 auli:
335 1299 417 1374 imo
434 1313 470 1375 et
485 1296 632 1398 gloriari
653 1293 725 1373 auii
745 1295 845 1384 sunt,
876 1320 986 1397 quam
1006 1296 1104 1397 apud
1143 1318 1148 1327 ·

59 1468 87 1509 „
113 1416 371 1513 imperatorem
398 1412 553 1487 maiorer
576 1432 707 1485 eorum
733 1408 966 1489 criminaliter
989 1406 1105 1517 0301·

57 1552 99 1621 'n'
113 1524 250 1605 lituum
273 1522 410 1602 fuerint
434 1520 605 1605 insecuti,
634 1518 779 1620 iusuper
802 1519 975 1601 addentec
997 1544 1100 1603 men·

58 1693 85 1733 „
114 1634 284 1723 dacium.
326 1632 430 1735 quod
457 1655 540 1711 eum
565 1629 638 1707 iilic
661 1634 834 1721 vicerint,
876 1632 1105 1735 fecerintque

59 1746 316 1844 „damnariw
377 1744 627 1823 Memorabilis
642 1744 693 1821 eii
708 1744 937 1874 apologetica
955 1744 1010 1821 iliu
1028 1748 1106 1844 epi-

60 1860 151 1941 stola
167 1880 236 1960 pro
258 1855 419 1937 Eccleiioe
438 1855 541 1933 fimul
554 1856 762 1954 pastoribus
785 1858 993 1956 principum
1015 1880 1107 1935 con·

60 1985 116 2055 tta
127 1972 313 2054 haereticos
324 1966 795 2049 etschrsmattcoaauxrlrum
808 1967 1105 2067 implorantibus,
1152 1958 1157 1965 ’

61 2106 106 2167 ac
129 2085 350 2185 principibus
381 2078 468 2163 iilud
493 2076 813 2179 impendentibus3
857 2080 917 2156 ubi
943 2078 990 2159 de
1020 2102 1121 2179 regar

60 2194 184 2285 statuit
205 2194 284 2278 ilia:
314 2192 468 2289 „Aliter
491 2195 590 2267 eninr
616 2190 743 2277 servit.
771 2192 859 2292 quia
882 2189 1001 2273 homo
1029 2192 1115 2295 esta·

62 2366 89 2404 ,‚
118 2307 217 2385 aliter
232 2309 316 2409 quia
339 2317 376 2383 et
398 2328 460 2383 rex
478 2303 538 2381 eii.
598 2301 697 2397 Quia
720 2325 809 2381 vero
825 2305 933 2381 etiam
951 2325 1014 2381 rer
1033 2296 1124 2395 ests

62 2477 90 2517 „
119 2420 242 2508 servit.
287 2419 387 2517 legas
421 2416 509 2495 iusta
541 2419 809 2516 praecipientes,
859 2431 896 2492 et
927 2418 1109 2498 contraria

63 2589 90 2629 „
119 2531 375 2632 prohibentes.
403 2531 636 2607 convenienti
666 2530 794 2626 vigore
818 2525 1036 2615 sanciendo.
1066 2527 1109 2610 fi·

61 2702 88 2742 „
117 2658 179 2725 cut
208 2643 347 2722 servivit
378 2638 558 2726 Ezechias.
617 2636 682 2722 Et:
720 2638 952 2738 posteaquam
992 2643 1110 2738 coepit

63 2813 90 2853 „
119 2754 280 2857 impleri,
312 2757 413 2855 quod
437 2754 607 2851 scriptam
634 2749 701 2826 est:
732 2762 769 2827 et
789 2749 994 2827 adorabunt
1022 2774 1109 2834 eum

67 2870 93 2965 ,ζ
123 2890 251 2947 omues
279 2889 384 2966 reges
409 2881 535 2947 terrae,
582 2877 619 2938 et
643 2884 773 2940 omnes
796 2876 924 2960 gentes
953 2861 1111 2939 servient

66 3037 92 3076 ,‚
121 2979 190 3057 illi:
221 2981 303 3080 quia
329 2992 452 3055 mente
486 2975 627 3055 sobrius
659 2976 806 3072 regibus
838 2974 953 3051 dicat:
995 2973 1111 3055 nolite

67 3149 93 3190 „
122 3115 246 3170 curare
265 3093 302 3167 in
327 3112 444 3188 regno
466 3088 607 3172 vestro,
640 3108 753 3187 aquo
769 3100 935 3174 tueatur,
962 3083 1020 3164 rei
1042 3106 1113 3187 op·

66 3258 91 3301 „
121 3218 307 3306 pugnetur
336 3197 490 3283 Ecclefia
523 3198 682 3280 Domini
713 3200 818 3279 reiiri
833 3254 868 3291 ‚‚.

155 3381 319 3463 Eiusdem
354 3381 560 3480 argumenti
589 3378 640 3460 eii
676 3376 711 3456 S.
742 3376 932 3477 Augustini
962 3374 1114 3478 epistoia

67 3494 209 3577 xciii.
239 3495 287 3577 od
311 3490 537 3571 Vincentem
571 3485 873 3579 meschuman
903 3489 1113 3589 Rogatiano

68 3607 249 3689 reversum
274 3606 513 3708 episcopum,
544 3607 581 3679 in
611 3626 681 3702 qua
708 3602 876 3685 testatur,
909 3602 971 3679 fibi
998 3600 1118 3679 uisum¹

70 3720 185 3807 oiim,
216 3741 301 3796 cum
325 3719 499 3797 haereticis
527 3737 604 3795 non
625 3711 689 3791 niii
719 3716 832 3792 verbu
851 3712 923 3793 Dei
943 3728 981 3791 et
1003 3717 1114 3793 ratio·

70 3855 119 3916 oe
143 3831 352 3932 agendum.
400 3852 526 3906 verum
553 3825 735 3907 sententiis
761 3824 941 3914 aliorum.
989 3846 1116 3902 exem·
1218 3860 1231 3911 ι,

548 3936 587 4016 Ο
621 3956 640 4026 i
974 3934 1059 4035 piis·

113 4050 149 4132 e)
170 4046 258 4129 apin
282 4038 465 4113 CLXXXV.
486 4041 526 4109 ari
545 4039 739 4112 animaene
781 4042 817 4125 i)
837 4038 927 4107 Tum
939 4036 1024 4122 tun
1043 4056 1118 4123 are·
1221 4032 1231 4065 ·'
