2506 4958
231 237 380 313 reguum
406 211 535 302 Chril'li
566 218 605 290 in
641 218 761 292 tertis.
789 237 816 292 c.
845 206 950 293 XIX.
1022 237 1094 312 ¹25

64 379 237 457 ra‘nutem
269 369 418 476 δύναμιν.
471 378 555 454 Non
592 381 685 453 enim
714 380 752 452 in
771 375 934 475 sermone
962 374 1009 464 eli
1045 402 1101 453 re·

53 516 169 588 gnum
196 491 288 574 Dei,
311 489 413 583 sed
401 511 439 561 ru
460 493 606 566 virtute.
663 489 763 590 Quid
777 488 917 577 vulti53
948 487 993 564 In
1021 494 1102 566 vir·

56 627 107 700 gu
133 600 345 678 veniamne
370 623 459 686 vos,
480 626 551 680 un
583 605 621 675 in
646 602 762 676 charit
747 611 819 673 tate
847 612 880 674 et
902 598 1100 706 mensuetu-

59 714 169 791 dine?
199 711 495 811 Experirueutum
522 732 608 788 mox
641 709 739 789 dedit
762 711 942 810 apostolus
966 683 1102 809 δύναμις

61 827 116 903 seu
141 824 324 926 potestatis
344 822 447 898 luae
439 849 474 898 rn
502 825 645 901 censura
673 819 878 913 incestuofi,
907 845 1017 926 quem
1041 821 1102 894 ab·

61 934 138 1014 sens
161 939 307 1037 quidem
335 952 525 1034 corpore,
567 930 605 1022 o)
636 940 785 1033 praelens
830 948 949 1011 autem
980 933 1102 1030 spiritu

60 1052 129 1125 iam
158 1049 352 1131 iudicavit,
383 1047 524 1122 trudere
560 1046 756 1123 huiusmodi
768 1044 926 1140 sollenne
949 1052 987 1122 in
1014 1046 1103 1118 inte·

60 1163 175 1240 ritum
209 1160 337 1236 cornis.
397 1153 491 1236 Mox
518 1162 648 1234 iterum
681 1181 743 1235 eos
776 1181 852 1258 cap
874 1159 937 1236 Vl
974 1173 1003 1231 ι.
1047 1178 1103 1231 ar-

59 1277 163 1373 guit,
193 1271 294 1371 'quod
317 1268 449 1347 iudicio
482 1286 603 1346 coram
637 1270 754 1348 iudice
790 1272 937 1347 ethnico
977 1260 1102 1362 (nihil

60 1397 243 1468 moratus,
263 1380 419 1456 fiforte
412 1402 445 1460 in
464 1398 591 1459 eotutu
612 1406 735 1459 manus
752 1383 983 1460 incidereuts
979 1383 1102 1480 criptae

62 1485 201 1583 literae)
230 1493 515 1581 contenderent
545 1549 570 1586 „
590 1495 705 1571 Audet
724 1493 850 1596 aliquis
866 1493 1018 1572 vestrum
1037 1512 1103 1568 ne
1133 1590 1136 1597 Δ

62 1663 83 1700 ,,
114 1610 258 1706 gotium
285 1605 448 1682 adversus
475 1591 626 1682 alterum
649 1605 794 1683 iudicari
815 1609 944 1705 apud
935 1609 1100 1705 ntiquns,

63 1735 152 1811 „et
176 1734 253 1793 non
286 1717 380 1815 apud
414 1716 589 1793 [landos
634 1743 678 1793 an
716 1718 881 1805 nescitis,
927 1719 1102 1820 quoniam

61 1886 84 1924 „
111 1828 219 1905 sanni
247 1827 384 1905 dehoc
411 1829 558 1905 mundo
577 1830 809 1910 iudicabunt?
840 1818 883 1908 Et
903 1829 953 1904 fi
945 1854 980 1905 ru
998 1829 1102 1904 vobis

59 1994 84 2035 -‚,
115 1940 535 2025 rudrcabrturmundus
577 1941 846 2039 indigeretis,
882 1936 943 2040 qul
973 1940 1104 2013 demi

59 2106 85 2147 „
115 2053 224 2128 nimis
246 2050 439 2129 iudicetis?
468 2049 648 2138 Nescitis,
676 2054 848 2152 quoniam
875 2051 1023 2150 angelos
1049 2050 1104 2125 lu·

60 2162 350 2260 „dicabimusl
381 2161 538 2257 Quanto
566 2166 679 2262 magis
702 2156 899 2239 secularia?
928 2160 1102 2239 saecularia

61 2335 84 2370 ,‚
112 2279 227 2374 igitur
247 2270 414 2351 iodtcnfi
440 2274 661 2360 habueritis,
693 2275 1007 2373 contemptibiles,
1039 2268 1101 2372 qul
1137 2337 1140 2343 .

63 2389 220 2480 „'sunt
211 2405 247 2461 tn
263 2375 433 2473 necleta,
453 2384 533 2462 illos
551 2387 807 2464 constituitead
826 2387 1063 2463 iudicandum.
1056 2438 1102 2477 .„

62 2496 171 2598 Epist
199 2497 240 2575 ll.
259 2500 304 2574 ad
327 2499 412 2575 Cor
445 2522 521 2598 cup.
545 2479 588 2574 ll
612 2500 721 2585 duna,
751 2501 845 2574 utin
870 2502 1019 2595 gratiam
1045 2512 1102 2575 te·

61 2615 200 2709 cipiunt
224 2609 483 2694 fonticatium,
515 2612 695 2708 praecipit,
725 2629 772 2684 ne
796 2608 890 2686 forte
918 2611 1102 2686 abundan-

63 2726 151 2800 tiori
176 2723 312 2798 tristitia
336 2721 590 2806 absorbeatur,
636 2723 683 2796 ita
701 2720 736 2794 se
765 2719 871 2817 egille
897 2720 1038 2804 scribit,
1061 2714 1104 2804 b)

61 2847 106 2908 ut
148 2831 345 2926 cognoscum
377 2837 654 2927 experimentum
691 2830 869 2916 vellrrrnr,
906 2852 952 2905 on
971 2833 1008 2903 in
1030 2847 1104 2906 o'm·

61 2942 166 3020 nibus
189 2941 376 3020 obedientes
398 2938 479 3033 litis.
539 2942 647 3020 Erant
672 2941 846 3020 Corinthi
880 2943 1104 3042 pseudoapo-

63 3056 175 3140 stoli,
206 3060 267 3155 qui
291 3061 322 3129 ei
343 3056 571 3130 detrahentes
596 3055 730 3156 studius
754 3055 1015 3152 predicationis
1035 3056 1105 3129 int.

65 3167 284 3266 pediebaut,
324 3190 419 3266 quos
455 3163 650 3253 incellens,
692 3191 815 3266 quaeve
842 3164 883 3241 srt
911 3165 1104 3264 apottottca

64 3279 222 3378 potestas
239 3284 406 3374 operiens
436 3332 458 3367 „
488 3278 580 3355 Nam
604 3334 615 3364 ,
641 3282 725 3364 uit,
758 3301 854 3354 arura
882 3279 1015 3353 militiae
1036 3298 1106 3353 no·

64 3446 86 3482 „
119 3392 194 3466 llrae
225 3413 301 3464 non
334 3390 482 3466 carnalia
510 3390 617 3474 sunt,
656 3388 716 3465 -sed
748 3395 911 3488 ‘potentia
947 3388 1030 3466 Deo
1059 3391 1103 3468 ad

64 3552 87 3592 ‚,
118 3501 393 3576 destrulliooem
416 3504 695 3586 munitionum,
726 3498 866 3578 confine
885 3501 1103 3600 destruentes

17 3602 19 3611 ’
60 3663 85 3705 ‚,
120 3628 157 3688 et
184 3635 332 3688 oruueru
363 3612 586 3688 altitudinem
614 3613 849 3688 extollentem
881 3613 914 3688 ie
943 3615 1103 3691 adversus

63 3780 86 3819 ‚,
118 3723 299 3803 scientiam
319 3723 389 3802 Dei
404 3727 441 3798 in
458 3723 672 3826 obsequium
693 3722 833 3802 Christi.
868 3721 910 3801 Et
928 3727 963 3800 iu
981 3749 1103 3824 proma

957 3887 979 3928 u
1009 3852 1051 3916 tu

108 4042 143 4119 δ)
164 4030 187 4105 1·
212 4029 280 4103 0⁰1·
306 4028 339 4103 u,
368 4048 394 4118 ι.
460 4034 493 4120 l)
514 4031 551 4107 n
576 4034 643 4106 Cor.
668 4031 705 4106 ll.
729 4058 757 4123 p
781 4028 873 4115 ibe,
1009 4110 1012 4117 Δ
