2506 4958
269 340 278 347 “
841 346 844 353 ι

360 410 369 421 Ι
466 410 472 419 ι

161 550 219 636 π
435 534 659 635 &chilo
694 538 856 675 militum

158 714 296 783 terram
320 656 558 806 promillam,
594 668 797 806 rogataque
827 704 909 805 lege
938 706 976 783 in
1006 717 1133 783 oronte
1153 704 1209 784 Sl·

159 816 263 905 itti,-
258 818 419 917 partim
446 817 555 901 etiarn
576 815 797 917 deportata
787 842 824 893 ιιι
859 832 1023 895 montem
1045 818 1132 894 Sion
1151 843 1210 894 ar-

158 922 395 1009 ornemini·
383 974 397 1023 ,
410 927 499 1005 dom
521 922 671 1007 vicifflm
689 952 775 1014 num
795 928 855 1008 SS.
873 928 991 1009 Patras
1007 931 1053 1005 de
1072 929 1206 1008 Christi

27 1144 31 1149 .
90 1078 93 1083 ·
157 1037 344 1129 adventu.
370 1036 632 1119 ‘resurreetione
646 1054 684 1119 ut
706 1038 910 1120 asonnlione
930 1039 1089 1125 Christi,
1117 1065 1207 1141 pra-

156 1148 343 1237 diutione
365 1150 542 1254 evangelii
568 1174 611 1233 ao
628 1150 868 1233 coorerfione'
882 1153 1073 1252 gentilium
1096 1158 1204 1230 inter·

157 1274 359 1369 pretaotor.
417 1262 513 1362 Qrae
532 1261 558 1341 fl
579 1263 683 1343 limul
699 1270 822 1344 omnia
837 1264 1056 1367 [pellentur.
1078 1265 1206 1342 discer.

159 1390 296 1465 uantur
323 1398 370 1455 ue
404 1390 516 1477 typus
552 1390 591 1463 et
630 1381 854 1480 antitypua,
904 1394 1014 1479 atque
1061 1381 1206 1478 utrique

158 1486 267 1593 quod
296 1398 404 1573 Fauna
436 1490 489 1576 est
517 1488 765 1583 attribuatur,
808 1488 1201 1589 accommodeturque.

158 1598 394 1701 disparebunt
422 1614 464 1687 ot
495 1599 692 1706 plurimum
727 1604 893 1687 maxima
923 1600 988 1685 ille
1015 1598 1206 1688 difficulta-

157 1720 243 1797 ten
281 1732 364 1814 quae
388 1711 589 1813 posteriora
618 1728 722 1799 etate
744 1712 852 1793 autin
878 1712 975 1797 haud
1006 1736 1088 1789 raro
1124 1714 1204 1797 Ιιιιιι

20 1888 33 1915 .
157 1820 208 1909 ala
227 1820 477 1957 hypercritico
504 1824 574 1903 illia
601 1846 678 1903 oon
707 1827 856 1925 pauor.
897 1850 992 1927 quoa
1017 1828 1080 1903 uni
1108 1824 1204 1902 litte

35 1982 40 1995 ·
156 1954 209 2023 ru
229 1936 447 2037 pertinacior
479 1936 693 2023 inherentes
723 1935 1027 2039 perplexiusque
1067 1940 1201 2017 mirum

155 2066 240 2179 non
266 2047 319 2135 est
344 2062 467 2133 mente
488 2050 716 2186 perturlutoa
737 2047 899 2151 spiritum
922 2074 998 2131 non
1025 2046 1214 2149 reperille„

148 2264 154 2273 -
214 2203 310 2289 Sunt
334 2225 456 2289 tamen
484 2230 533 2288 ea
558 2208 826 2289 recentioribua
855 2211 964 2287 etiam
998 2212 1201 2311 interpreti-

51 2394 54 2407 ,
155 2320 254 2409 trus,
284 2324 349 2424 qui
374 2320 513 2401 Psalmo
539 2320 625 2399 lruio
652 2324 757 2400 etiam
782 2324 826 2398 ab
852 2323 1024 2422 explicata
1055 2323 1200 2398 anobis

156 2428 321 2514 Danielis
344 2435 534 2535 prophetia
553 2433 665 2511 facem
688 2435 918 2521 accendunt,
950 2459 994 2511 ex
1018 2433 1083 2511 illis
1109 2459 1200 2532 qoo-

158 2566 262 2645 que,
291 2548 356 2646 qui
379 2561 543 2621 montem
568 2545 667 2623 illum
693 2543 883 2623 Ecclesiam
909 2546 1122 2623 catholicam
1145 2567 1202 2620 to-

157 2671 240 2735 tum
272 2659 399 2732 orbem
424 2655 622 2754 replentem
649 2656 895 2753 abnegarunt,
936 2661 1199 2755 percutientem

158 2766 463 2865 deiicientemque
483 2767 630 2844 statuam
647 2766 743 2841 illam
761 2789 959 2864 regnorum
979 2822 990 2851 ,
1020 2792 1100 2866 quae
1126 2767 1202 2846 Da-

105 2980 108 2985 ·
157 2877 242 2959 niet.
282 2901 357 2978 cap.
378 2878 459 2955 Vll.
487 2901 551 2979 per
582 2893 739 2978 quatuor
769 2878 889 2954 beliias
911 2878 1088 2976 designat:
1114 2882 1201 2977 plil.

156 2989 261 3069 milla
289 3015 379 3068 vero
404 3015 481 3069 uoo
504 2989 616 3067 veluti
643 2993 755 3068 verbo
788 3008 977 3090 utramque
1004 2994 1197 3089 imaginem

157 3103 280 3185 llatoae
302 3120 340 3180 et
367 3104 557 3180 bestiarum
589 3118 780 3204 totamque
803 3126 878 3178 rem
905 3104 960 3180 ob
978 3103 1105 3179 oculos
1135 3129 1201 3200 po.

158 3219 241 3297 uitet
273 3214 444 3313 increpo,
486 3218 533 3291 ait
555 3271 566 3302 ,
589 3209 692 3315 faros
729 3216 937 3300 arundinis,
970 3215 1041 3291 hoc
1065 3219 1112 3290 eli
1138 3217 1203 3290 lla.

157 3340 231 3409 tuae
244 3328 301 3406 seu
319 3325 442 3409 cololli
464 3348 491 3419 4
510 3349 708 3423 regnorum
728 3324 821 3403 Dan.
844 3326 887 3402 ll.
905 3350 984 3427 quae
1006 3327 1098 3404 Dan.
1120 3326 1198 3404 Vll.

132 3452 332 3540 ‚tanquam
364 3438 518 3516 totidem
542 3439 625 3514 ferae
656 3437 716 3513 leo
749 3438 863 3514 britia
882 3437 1198 3538 representantur:

154 3549 341 3649 increpa,
393 3564 545 3649 percute
589 3546 681 3625 feras
711 3548 895 3626 arundinis
931 3551 1056 3638 instar,
1090 3566 1202 3649 prout

154 3661 264 3742 Abrae
300 3662 478 3763 propheta
505 3661 551 3736 de
579 3683 698 3761 regno
732 3659 832 3738 lirael
865 3661 974 3739 dicit:
1027 3665 1202 3758 percutiet

154 3772 333 3852 Dominus
363 3773 459 3851 Deus
490 3768 636 3865 lsrael,
679 3769 765 3861 ficui
792 3776 934 3850 moveri
951 3769 1043 3870 solet
1064 3772 1202 3848 oruurlo

154 3886 196 3964 in
215 3910 318 3983 apuu.
376 3888 435 3965 Sic
459 3888 614 3984 percutit
638 3882 801 3963 Christus
820 3884 886 3964 luo
912 3885 1067 3961 adventu
1085 3884 1201 3973 ieras,

29 4046 51 4059 ·-
153 4000 344 4091 arundinis⁸
364 3998 518 4084 bestiae,
546 3998 608 4074 leo
637 4020 746 4096 regna
777 3995 834 4073 illa
866 4012 968 4074 terrae
995 4018 1065 4073 ceu
1096 4019 1204 4071 arun.

149 4108 307 4200 dinam,
337 4112 377 4188 io
400 4112 512 4189 unua
532 4132 576 4192 uc
600 4108 718 4194 bestiis
743 4125 901 4219 quatuor
929 4105 1131 4209 defignau,
1163 4109 1207 4185 iu

1032 4238 1035 4243 .
1049 4219 1148 4328 mh

191 4379 228 4459 n)
248 4374 304 4460 ill.
328 4374 402 4459 aee
417 4374 508 4443 xw.
535 4393 584 4455 ις.
