2506 4958
191 208 196 219 “
272 209 422 282 regnum
449 118 610 277 christe
594 209 634 263 tn
658 187 827 263 territur
854 182 978 267 XLII.
1096 207 1142 278 ιι

105 356 177 428 rios
196 347 329 439 n)com
357 347 478 426 Patres
493 345 564 424 seli
587 344 671 427 XL
703 348 852 426 ederent
887 347 1146 448 professionem

105 464 216 551 fidei
271 483 378 560 qnam
414 460 570 539 Romani
608 459 799 560 pontifices
829 463 929 538 iuxta
963 466 1148 562 antiquam

104 575 406 654 consuetudinem
448 589 531 649 ante
562 573 873 650 consecrationem
909 578 1147 661 emitterent.

106 694 203 766 inter
234 687 358 761 omnia
385 684 537 761 concilia
569 684 773 784 generalia,
817 709 898 783 quae
930 686 1072 763 decreta
1103 687 1178 765 de,

105 800 177 878 fide
203 797 412 884 ediderant,
446 821 558 873 unum
590 794 862 876 Constantiense
891 801 1034 875 omitti:
1075 823 1178 900 qua·

107 938 145 990 re
173 909 298 989 Patres
313 909 601 987 Constantienses
625 911 776 986 innuere
794 909 999 997 volueriut,
1037 909 1071 987 se
1091 912 1150 989 su·

109 1041 233 1103 turum
258 1021 467 1121 pontificem
495 1022 715 1119 adstringere
739 1038 818 1109 hon¹
836 1020 988 1120 potuisse
1015 1023 1059 1098 ad
1087 1025 1150 1100 de-

109 1156 207 1214 creta
229 1135 309 1209 fidei
332 1137 367 1209 in
401 1135 560 1209 concilio
585 1133 730 1220 statuta,
778 1131 844 1210 nist
868 1133 956 1211 sedis
980 1136 1150 1236 aposloli-
1174 1182 1178 1188 ·

109 1275 159 1326 cac
178 1247 312 1324 indicio
334 1236 476 1322 fuissent
501 1244 721 1323 confirmata.
781 1239 897 1340 Quod
913 1263 1001 1341 veto
1025 1248 1150 1324 decre·

110 1378 144 1438 ta
160 1355 228 1434 sels.
250 1355 313 1435 lV.
336 1371 371 1433 et
385 1348 431 1432 V.
453 1359 602 1443 attinet,
627 1358 700 1434 atla
714 1353 786 1434 iam
807 1371 1005 1436 memorata
1023 1356 1061 1446 Γ)
1076 1358 1150 1437 sess.

110 1469 235 1551 XLV.
273 1469 503 1556 ostendunt,
553 1468 715 1547 Patribus
759 1466 855 1546 haud
889 1469 1153 1569 refragantibus

111 1578 324 1684 pontificem
349 1579 536 1682 repulisse,
571 1582 659 1683 dum
683 1576 754 1681 legi
780 1572 968 1682 prohibuit
997 1583 1183 1683 appella·¹

112 1698 287 1772 lationem
323 1697 416 1791 regis
452 1689 612 1772 Poloniae
645 1690 689 1769 ad
728 1694 893 1772 futurum
926 1695 1150 1779 concilium:

114 1832 190 1908 qno
210 1810 278 1882 iam
296 1808 575 1880 memoravimus
595 1824 745 1904 germen
764 1804 918 1882 licentiae
940 1804 1054 1892 illius,
1076 1828 1153 1906 rqna

112 1920 272 1998 haeretici
295 1909 486 1993 Ecclesiam
503 1916 587 1991 inde
603 1941 621 1990 a
637 1913 702 1992 sec
723 1914 792 1993 ΧΓ
820 1924 1025 2019 coepetunt
1038 1920 1073 1994 in
1093 1917 1153 1996 Γιιιι

113 2033 276 2129 legitima
294 2029 468 2127 potestate
493 2042 535 2101 et
559 2020 788 2105 facultatibus
818 2031 1013 2140 impetere:
1056 2030 1151 2107 ultra

114 2163 266 2220 onmem
294 2138 450 2214 modum
485 2137 660 2238 antiquiss
650 2157 810 2216 morum
840 2130 1152 2220 schismaticorum

112 2253 306 2333 Ecclefianr
327 2249 538 2328 catholicam
564 2242 749 2329 calumniis
769 2251 1063 2352 proscindendo}
1093 2277 1155 2331 οι

116 2369 237 2443 dinem
264 2364 456 2465 prasertim
482 2357 751 2443 ecolefiasticum
782 2391 823 2443 ac
851 2363 1125 2444 hierarchiam'
1116 2394 1154 2444 m

114 2480 243 2555 divinis
283 2479 527 2576 prerogativis
564 2472 657 2564 sois,
689 2478 826 2558 iuribus
858 2494 894 2556 et
927 2479 1153 2560 facultatibus

116 2587 347 2677 lacessendo,
401 2612 443 2664 ac
487 2581 597 2663 veluti
625 2592 745 2685 capite
782 2593 993 2667 minuendo.
1050 2592 1153 2671 Cum

115 2705 248 2779 caeteris
272 2682 575 2777 ΧΓΓεΙιΓΓΓΓΓιιιιιιι
605 2709 644 2774 et
665 2694 883 2777 ΗιιΓΓιιιιιιιιι
905 2705 1126 2778 erroribus
1117 2729 1155 2779 m

116 2838 222 2892 conc.
250 2810 509 2889 Constantiensr
535 2810 618 2888 sunt
651 2808 810 2886 damnati
837 2812 886 2888 illi
912 2818 1044 2900 etiam,
1090 2817 1155 2913 qui

116 2928 245 3003 statum
268 2937 302 3000 et
332 2923 565 2999 hierarchiam
590 2916 858 3000 ecclesiasticam
879 2927 1042 3001 attinent.
1084 2925 1156 3002 Sed
1240 2952 1243 2963 ¹

115 3042 160 3115 ab
178 3038 307 3114 eodem
337 3035 413 3135 ipso
442 3034 599 3112 concilio
629 3037 757 3113 'unitati
786 3033 1025 3113 'ecclesiastica
1057 3041 1156 3114 iuxta

116 3150 213 3247 leges
246 3149 518 3225 communionis
540 3144 705 3247 potestat
698 3173 725 3224 rs
678 3143 886 3227 tlacrae
877 3165 971 3224 mter
995 3149 1156 3226 sornmos

119 3258 279 3339 Ecclesrae
297 3261 456 3361 pallores
483 3262 693 3358 pontificem
720 3274 756 3336 et
789 3256 988 3361 episcopos
1010 3261 1157 3360 apollo·

118 3373 283 3450 lorunrl
265 3362 476 3450 soccessores
511 3363 580 3448 sess
609 3360 671 3449 lV
700 3360 808 3449 etV
838 3390 1064 3473 nequaquam
1090 3370 1159 3450 luit

120 3508 192 3563 con
198 3484 358 3563 sultutm
386 3488 575 3587 quinimo
594 3498 703 3562 noto
724 3484 936 3561 schismati
929 3512 965 3560 m
997 3485 1157 3566 concilio

119 3596 303 3675 Basrleensr
340 3597 478 3674 occasio
512 3597 582 3674 suit
610 3599 782 3696 praebita,
830 3588 1010 3697 locosque
1041 3598 1157 3675 datus.

123 3708 241 3802 Quod
263 3708 375 3809 ipsum
402 3713 511 3788 etiam
541 3706 685 3787 nonnifi
718 3709 911 3810 spontanea
932 3707 1165 3788 abdicatione·

442 3864 446 3871 ·
1012 3821 1099 3900 Feli.

163 3988 197 4063 ιι)
221 3985 332 4051 Dissert.
357 3983 409 4050 ils.
433 4007 457 4050 c.
477 4006 506 4061 4.
529 4007 558 4066 p.
579 3999 647 4067 198.
711 3993 747 4067 b)
769 3987 812 4053 ld.
832 4007 861 4068 p.
886 4004 955 4068 301.
