2506 4958
147 314 151 322 ¹
230 245 380 322 regnum
403 213 728 312 sinisterioris.
749 247 778 304 r.
798 222 936 305 XLIV.
1026 246 1101 321 103

64 386 213 468 Charlas
237 389 424 487 presbyter
447 384 597 465 Galliae:
630 387 692 466 ubi
717 389 790 490 ipse
809 386 925 467 clerus
947 387 1105 470 Gallica-

64 526 132 580 nus
162 498 443 580 declarationem
480 497 577 580 suam
601 498 698 575 illam
727 503 932 588 revocarit,
969 501 1134 605 specia-¹

62 614 142 690 liter
171 611 235 712 ipsi
255 626 303 706 4.·
323 610 482 710 episcopi
511 609 668 691 eiusdem
695 611 947 692 declarationis
981 615 1103 693 anilo·

64 750 145 802 res:
176 742 289 825 utque
319 737 551 810 revocarent,
589 727 813 827 quicumque
843 726 887 803 ad
918 728 1103 829 episcopa·

62 854 142 915 rum
167 850 495 938 promoverentur,
524 850 747 914 conventum
766 860 852 919 cum
880 837 1100 919 Innocentio

62 947 154 1028 Xll.
184 948 332 1049 quando
361 947 433 1048 ipse
466 970 530 1026 rex
564 951 745 1026 revocarit
783 946 947 1034 Euenum
985 951 1097 1030 suum.

61 1061 176 1142 llenr.
198 1058 418 1143 Dodurellus
447 1061 596 1140 ineunte
619 1059 694 1141 hoc
719 1056 842 1141 seculo
869 1060 907 1151 o)
930 1065 967 1138 iri
987 1078 1101 1160 porn-

61 1171 132 1262 iiefi
159 1174 206 1250 orl
231 1183 373 1250 exteros
400 1182 476 1252 tam
496 1168 731 1270 reformatos,
763 1196 868 1270 quom
888 1177 996 1251 etium
1012 1191 1101 1273 pon-

63 1285 206 1374 tificios,
236 1309 305 1381 qna
335 1287 419 1359 iuro
438 1282 674 1381 episcoporum
700 1295 823 1365 velem
846 1287 1101 1384 eorundemque

62 1394 315 1492 oningislrotu
333 1393 488 1491 seculari
507 1396 785 1497 independentia
815 1400 989 1478 omnibus
1015 1398 1102 1478 asse.

62 1509 173 1586 tenda
189 1508 497 1597 commendantur,
523 1509 660 1587 causam
679 1509 771 1589 illius
790 1509 1043 1590 controversie
1063 1515 1101 1591 in
1238 1560 1243 1573 ›

61 1618 292 1701 Ludovicum
311 1619 419 1709 XlV.
435 1623 618 1709 reiicieos,
636 1621 773 1703 clerum
797 1621 1023 1703 Gallicanum
1045 1628 1102 1702 in·

62 1732 181 1823 ceffit,
212 1735 317 1836 qood.
346 1757 422 1810 non
451 1750 555 1810 antea
583 1749 794 1821 revocaret.
835 1758 981 1835 „quam
1002 1736 1099 1816 idern
1131 1782 1138 1796 ·

59 1844 408 1947 „propositionum
448 1844 574 1925 auctor
622 1847 789 1944 princeps
841 1868 1010 1927 revocare
1045 1851 1101 1927 iu·

61 2015 85 2052 ‚‚
115 1961 223 2036 beret.
256 1957 354 2053 Quis
389 1955 474 2032 inde
498 1976 575 2035 nori
602 1954 781 2055 intelligat
805 1954 972 2056 (pergit)
988 1980 1100 2062 quam

63 2126 87 2163 „
116 2094 192 2152 non
224 2066 266 2148 sit
292 2070 387 2146 iuris·
403 2067 453 2145 sui
477 2066 595 2144 clerus
618 2065 699 2154 ille,
730 2071 839 2147 etiam
870 2062 906 2144 iri
926 2068 1026 2150 causa
1045 2092 1101 2147 re·

61 2238 85 2276 ,‚
117 2181 285 2280 ligionis,
322 2177 345 2258 ii
370 2179 414 2257 ad
442 2201 566 2280 regem
599 2179 830 2268 conseratur.
869 2184 932 2288 qui
963 2181 1102 2261 defuis

60 2351 84 2387 „
113 2293 277 2371 adversus
309 2290 497 2391 pontifices
534 2290 755 2372 libertatibus
791 2293 884 2372 adeo
909 2294 1099 2394 gloriatur.

61 2463 85 2500 „
116 2405 204 2484 Non
226 2403 371 2506 possunt
395 2427 465 2506 pro
489 2406 661 2505 principis
695 2406 846 2488 arbitrio
876 2407 1100 2508 propolirio·

63 2574 86 2613 ‚,
115 2543 178 2596 nes
204 2517 284 2619 ipsae
313 2520 435 2595 everis
460 2516 549 2593 falsae
574 2515 660 2595 fieri.
720 2513 764 2595 Et
789 2521 982 2619 nequidem
1012 2519 1098 2600 cleri

62 2687 86 2734 ‚‚
114 2645 282 2731 poterant
305 2630 437 2706 mutari
461 2629 506 2705 de
529 2629 655 2705 iisdem
683 2627 994 2729 propositionibus
1023 2633 1100 2708 sen-

62 2800 85 2837 „
114 2744 255 2826 tentlae,
286 2741 358 2823 hoc
379 2739 458 2816 solo
484 2752 725 2838 argument0,
757 2741 859 2841 quod
884 2746 960 2842 regi
987 2742 1101 2821 visum

64 2911 87 2951 ,‚
116 2851 222 2941 esset,
241 2877 297 2929 eas
313 2850 550 2936 revocandas
572 2851 609 2930 Si
626 2851 715 2933 falsa·
728 2853 793 2930 illac
811 2851 1101 2955 soillentpropo-

62 3023 85 3060 ‚‚
115 2964 282 3050 sitiones,
313 2988 404 3057 ουτἸ
431 2963 570 3064 quaeso,
601 2963 835 3063 pontificibus
862 2968 1102 3066 opponeban-

65 3136 88 3172 ,‚
118 3077 202 3164 turi
218 3076 253 3154 Si
268 3101 356 3154 vero.
371 3101 470 3164 non,
491 3099 553 3162 cur
574 3078 693 3175 postea
714 3079 995 3157 revocabantur?
1024 3079 1102 3159 Cur

66 3248 90 3285 ,‚
119 3209 240 3268 autem
266 3187 342 3289 ipso
372 3191 518 3274 lubente
550 3212 664 3291 rege,
713 3188 739 3266 si
764 3214 826 3268 rex
848 3193 918 3291 ipse
937 3192 1099 3277 clerum,

64 3360 87 3397 „
117 3327 202 3384 cum
218 3302 261 3379 de
278 3302 460 3400 religione
480 3319 668 3401 ageretur,
696 3304 851 3380 iudicem
874 3302 1101 3402 agnovisset?
1161 3394 1171 3411 ο

68 3471 91 3508 ,,
121 3415 161 3491 ld
185 3432 280 3490 certe
306 3414 508 3498 iaciendum
544 3426 644 3499 erat,
687 3412 711 3491 fi
742 3413 833 3493 fidus
857 3418 942 3494 cleri
969 3421 1103 3493 amicus

68 3582 92 3620 „
123 3521 190 3605 esse
216 3525 346 3613 vellet,
378 3524 558 3627 ipsiusque
578 3525 787 3624 religionis:
817 3529 895 3605 laici
915 3552 1005 3625 ergo
1024 3527 1103 3605 nul-

70 3695 94 3733 „
125 3637 148 3712 li
177 3637 283 3724 lunt,
314 3640 441 3738 qulbus
474 3653 557 3715 tuto
579 3638 675 3718 credi
706 3637 850 3741 possunt
872 3639 1031 3719 Ecclefiae
1050 3643 1105 3720 io-

71 3808 95 3846 „
126 3774 185 3838 ra,
215 3745 242 3825 si
268 3749 553 3833 velidmaxime
578 3748 780 3848 licuisset„

527 3910 564 3992 G
591 3934 618 4007 4
919 3913 1050 4020 Neque

115 4036 150 4115 n)
172 4033 218 4102 Ile
245 4052 358 4116 nupero
384 4031 496 4101 schism.
522 4033 634 4117 inglic.
658 4055 689 4102 u.
714 4056 762 4118 ςι.
787 4057 816 4120 p.
832 4056 902 4120 23¹·
