2506 4958
252 226 402 301 regnum
434 201 565 293 Catilii
591 208 632 281 in
659 204 780 282 terris.
810 224 839 282 c.
870 206 917 286 X.
1063 224 1108 303 ιι

58 366 132 474 Qui
152 368 310 452 uicerit,
340 369 410 449 ait.
440 378 475 442 et
499 363 698 449 culludierit
726 363 831 464 alque
849 369 889 444 in
898 366 1011 466 finem
1032 386 1111 463 ope.

59 506 99 559 ra
121 503 232 565 areu,
268 475 355 554 uoto
379 478 431 553 illi
460 476 660 575 puteliotem
670 478 779 577 super
799 492 932 576 gentes.
993 480 1035 558 Et
1052 508 1109 562 re.

55 605 116 694 get
142 616 199 668 eat
227 594 266 666 in
285 593 395 687 uirga
408 585 554 688 ferreo,
586 601 620 666 et
635 602 804 686 tanquam
824 615 888 669 vas
893 592 1004 691 figuli
1028 620 1113 674 con·

55 704 284 808 seingeteas
344 702 388 780 Et
414 727 490 801 cap.
520 701 583 780 Vl.
611 726 659 778 10
691 706 914 783 inducuntur
934 706 993 806 tpfi
1016 733 1110 786 mar·

59 837 186 920 tyres,
237 817 298 917 qui
326 817 452 893 dom
443 840 479 890 tn
515 815 581 893 hac
606 820 676 892 vita
708 821 885 923 patienter
914 820 1108 919 prochri·

61 933 114 1009 lio
146 930 356 1026 sanguinem
393 927 596 1013 fuderunt,
645 931 715 1004 iam
745 953 828 1007 cum
857 927 980 1007 Deo
971 957 1007 1007 ιιι
1028 957 1108 1012 coe·

58 1042 131 1121 leni
173 1043 288 1140 gloria
330 1042 452 1126 uniti,
512 1043 701 1139 participes
739 1042 915 1119 iustorum
953 1046 1108 1124 iudicio·

60 1180 140 1233 rum
159 1160 255 1238 eius,
287 1176 330 1229 ac
349 1149 445 1249 iplt
435 1176 504 1226 tarn
532 1153 746 1229 iniustorum
770 1155 931 1231 iudicum
952 1157 1061 1234 iusti
1053 1182 1106 1236 ιιι.

61 1268 185 1355 dicet,
209 1266 366 1341 clamant
388 1286 471 1339 noce
489 1286 619 1359 magna
644 1264 812 1340 dicentes:
842 1265 1014 1363 usquequo
1031 1267 1108 1346 Du-

60 1384 156 1458 mine
172 1375 333 1474 (sun5us
366 1387 401 1450 et
425 1375 563 1460 uerus)
592 1399 662 1449 non
690 1377 850 1465 iudicas,
879 1390 914 1454 et
936 1402 1006 1454 non
1024 1384 1110 1457 uin-

61 1493 157 1569 dicat
167 1489 380 1586 sanguinem
403 1485 556 1572 nolirum
582 1488 622 1562 tle
651 1490 731 1576 iis,
785 1492 847 1585 qui
874 1488 1039 1568 habitant
1067 1495 1109 1570 in

61 1616 173 1682 terra
205 1601 249 1678 Et
264 1600 352 1676 dote
367 1597 454 1695 sunt
468 1600 536 1674 illis
544 1597 791 1695 fingulustole
804 1599 914 1678 albu:
933 1604 1108 1683 etlilium

59 1714 105 1805 etl
135 1714 231 1801 illic,
278 1724 319 1787 ut
338 1709 591 1807 requiescerent
621 1712 733 1789 adbuc
751 1724 887 1812 tempus
905 1717 1106 1807 modicum.

65 1829 173 1907 donec
189 1822 429 1954 compleantur
454 1822 614 1918 conserui
641 1848 792 1913 eorum,
835 1839 870 1903 et
889 1823 1031 1926 fratres
1053 1853 1110 1906 eo·

66 1964 173 2025 rum,
204 1961 265 2034 qun
258 1924 513 2031 interficiendi
528 1934 629 2031 sunt,
660 1934 742 2021 ficut
768 1948 802 2013 et
821 1938 882 2014 illi.
941 1936 999 2017 Est
1015 1939 1108 2029 hoc.

62 2076 141 2154 quo
171 2050 206 2128 S.
226 2048 428 2147 Gregorius
443 2047 534 2125 an
558 2045 734 2124 lulianum
752 2048 957 2147 Apostatam
978 2066 1110 2142 terret,

63 2167 263 2271 indicium:
285 2158 323 2250 a)
337 2158 420 2237 Non
434 2171 474 2234 tu
487 2161 649 2236 uiuimus
659 2173 730 2256 pro
749 2158 1019 2259 Corinenses,
1040 2185 1111 2241 ιιιιιι

60 2256 209 2371 magnas
243 2271 377 2370 pugiles
416 2268 629 2359 extimuisti,
680 2266 855 2348 lauronem
883 2271 1104 2370 Baptillam.

61 2387 233 2473 Petrum,
258 2383 427 2469 Paulum,
451 2382 633 2469 Iacobum,
652 2382 886 2480 Stephanum,
907 2387 1106 2478 Aaudream,

68 2500 106 2579 Y
102 2498 230 2583 eclam,
261 2495 377 2583 alios,
408 2498 469 2592 qui
494 2509 526 2569 et
543 2508 623 2572 ante
643 2507 676 2571 et
697 2495 769 2593 pull
789 2499 864 2575 illos
884 2514 951 2596 pro
970 2505 1107 2577 verita-

63 2625 120 2698 te,
152 2635 230 2686 cnm
242 2605 379 2707 ferro,
410 2611 507 2704 igni,
537 2607 722 2705 belluisque
748 2633 789 2689 uc
813 2615 973 2706 tyrannis
992 2613 1108 2691 decer.

64 2736 200 2801 larunt.

119 2885 282 2965 Christus
318 2880 504 2962 Dominus
536 2907 620 2962 cum
656 2882 732 2985 ipso
766 2883 883 2963 iudice
910 2886 1109 2988 iniquitatis

65 3001 379 3098 comparutionem
408 2999 617 3083 instituens,
649 2997 694 3073 de
715 2998 782 3074 luis
806 2997 849 3073 ad
867 2996 900 3073 se
927 2999 1113 3076 clamanti·

61 3113 155 3196 bus,
190 3108 284 3185 Deus
304 3122 442 3194 atatem.
468 3109 672 3209 inquit,lt
672 3107 772 3198 >non
786 3106 900 3206 faciet
916 3110 1112 3187 vindiciam

65 3223 251 3300 eletiorum
269 3219 418 3317 snorum
448 3219 677 3297 clamantium
704 3222 750 3298 acl
774 3220 807 3310 se
838 3221 894 3298 die
920 3246 960 3298 uc
986 3225 1110 3313 nolle.

64 3350 98 3413 et
120 3336 330 3431 patientium
362 3330 503 3410 habebit
527 3356 605 3409 cum
625 3335 729 3411 iilis?
760 3333 850 3410 Dico
873 3332 997 3421 eoois,
1028 3339 1113 3432 quia

63 3454 133 3526 cito
155 3443 271 3546 faciet
291 3446 483 3522 uindictam
499 3446 648 3522 illorum.
711 3444 964 3523 Verumtamen
998 3446 1111 3525 Filius

62 3562 219 3639 luminis
248 3562 418 3645 ueniens,
443 3570 574 3656 putus,
605 3560 763 3635 inueniet
775 3557 883 3654 fidem
911 3561 950 3634 in
979 3561 1112 3638 terris?

62 3671 123 3752 Est
147 3673 219 3748 hoc
241 3670 382 3770 luitque
411 3673 548 3769 semper
575 3673 610 3745 in
642 3674 920 3772 quibuscunque
946 3675 1116 3771 periculiu

60 3787 253 3893 militantis
280 3781 653 3870 &enutrientium
685 3801 721 3862 et
755 3789 888 3874 robur,
919 3786 1113 3889 presertim

526 3893 614 3984 Do
952 3901 1059 3977 ctiam

105 4054 143 4133 a)
167 4050 250 4118 Orat.
277 4047 331 4116 111.
419 4050 455 4130 a)
468 4076 471 4081 ’
484 4047 553 4114 Luc.
576 4044 689 4117 xttlt.
713 4067 742 4132 7.
765 4053 823 4119 &a
