2506 4958
222 242 380 319 regnum
396 192 524 310 cirilli
542 221 581 296 in
599 221 708 299 terris
722 243 751 300 c.
773 189 995 304 XXXVIII.
1054 244 1130 323 343
1195 210 1204 227 ’

97 384 367 490 providentiam
388 386 560 473 reveritus
583 384 769 483 agnoscat,
799 399 835 462 et
851 386 997 475 adoret,
1026 389 1129 490 quod

95 499 206 598 super
226 494 479 573 caudelabrum
501 492 659 574 Eccreoae
678 500 714 572 in
739 495 819 574 sede
838 498 1030 598 apostolica
1053 501 1133 577 col.

96 610 274 688 locaverit
288 605 499 708 pontificem
522 613 745 696 maximnm,
778 609 862 686 zelo
893 600 1025 689 domtis
1059 611 1130 692 suae

99 718 309 808 succensum
338 732 373 796 et
402 719 608 804 ardentem,
655 718 791 821 saleque
818 723 1020 820 apostolico
1047 747 1130 801 cor.

98 850 207 933 rupta
225 835 292 909 iam
311 847 346 907 et
366 829 529 910 foetentia
548 830 797 931 perfricantem
819 834 1003 919 membra?
1032 834 1150 931 Quia*

97 970 178 1024 non
196 945 322 1020 divina
339 940 577 1040 promisionis
596 941 641 1019 D.
656 942 747 1021 Petri
764 944 1010 1044 apostolorum
1029 953 1129 1047 prin-

99 1059 173 1158 cipi
207 1056 302 1132 tacta
336 1052 647 1132 manifestiffimum
682 1055 815 1142 videat,
864 1070 901 1134 et
931 1056 1127 1139 admiretur

98 1180 376 1268 argumentum,
408 1165 493 1242 dum
524 1165 683 1244 Christus
707 1166 913 1266 supereum
936 1165 1126 1249 Ecclesiam

100 1282 286 1383 promittit
314 1277 407 1354 suam
436 1278 503 1353 sese
526 1276 801 1365 edificaturum,
833 1280 995 1359 adversus
1018 1305 1127 1384 quatu

98 1406 218 1494 portae
244 1388 345 1467 inseri
367 1412 442 1465 nun
473 1386 581 1465 essent
613 1390 862 1489 praevaliturae?
903 1391 1011 1471 Unde
1040 1410 1129 1475 tunc

98 1502 277 1581 auxilium
298 1501 424 1602 sperari
450 1517 590 1601 poterat
612 1500 770 1581 Ecclesiae
792 1527 833 1581 ac
862 1506 1058 1583 remedium
1087 1510 1126 1586 io

98 1618 208 1693 tantia
234 1613 351 1698 malis,
384 1614 445 1690 ubi
471 1613 601 1690 malum
628 1615 721 1714 apud
748 1639 810 1693 eos
835 1629 932 1704 erat,
962 1620 1024 1719 qui
1053 1626 1143 1696 ure.'

98 1728 176 1804 deri
199 1722 412 1810 debuissent,
436 1747 482 1800 ex
504 1727 630 1801 ordine
649 1725 895 1813 ecclesiastico,
928 1728 988 1804 nist
1003 1733 1129 1829 acapi.

97 1853 137 1916 te
153 1841 251 1914 incur
267 1840 438 1912 ‘aminato
454 1837 601 1935 perinde
612 1859 651 1913 ac
666 1837 930 1935 imperterrito?
946 1838 1057 1940 idque
1073 1856 1128 1919 et·

98 1953 171 2026 iam
194 1950 244 2025 ob
271 1946 427 2047 undique
453 1947 662 2046 grassantem
684 1950 962 2048 contagionem,
994 1951 1127 2029 labem.

97 2085 173 2163 que
194 2061 460 2137 incontinentia
476 2063 511 2136 in
529 2058 646 2145 clero,
677 2082 803 2160 quam,
826 2074 925 2136 erant
945 2083 990 2138 ex
1011 2064 1130 2163 impu.
1241 2110 1246 2120 ,

99 2172 266 2249 dentibus
287 2170 372 2258 illis,
403 2175 463 2271 qui
485 2171 667 2269 Gregorio
691 2171 747 2246 vel
766 2173 816 2247 ob
840 2172 988 2250 santiam
1007 2173 1125 2262 illam,

100 2302 138 2361 et
167 2285 212 2360 ab
235 2286 335 2359 omni
362 2283 417 2359 vel
439 2283 601 2360 leviffima
631 2281 827 2383 suspicione
849 2299 1024 2363 remotam
1041 2308 1128 2364 curn

99 2394 278 2475 Mathilde
289 2398 496 2481 amicitiam,
518 2395 700 2495 aspergere
720 2396 799 2473 sunt
816 2402 935 2503 copati
947 2422 955 2470 ε
986 2399 1063 2474 irati
1076 2401 1130 2475 ni·

99 2512 255 2592 mirum,
287 2506 387 2606 quod
406 2507 602 2606 apostolico
628 2508 807 2584 restituere
827 2508 1004 2585 nitebatur
1024 2512 1130 2608 vigo·

97 2644 138 2696 re
161 2620 440 2702 continentiam,
472 2642 578 2718 quam
600 2618 735 2715 semper
754 2622 789 2694 in
808 2621 934 2695 ordine
955 2619 1052 2698 sacro
1072 2626 1129 2697 in·

99 2744 240 2826 tegram
271 2727 388 2805 haberi
416 2730 533 2804 voluit
563 2727 730 2815 Ecclesia,
769 2728 851 2803 dum
886 2727 1005 2804 clerici
1044 2734 1130 2810 telle

102 2840 267 2937 Rogerio
312 2839 356 2916 de
404 2839 579 2917 Hoveden
621 2842 657 2915 in
695 2840 810 2915 annal.
846 2840 1036 2918 Wilhelm.
1068 2842 1131 2918 Se.

103 2956 197 3029 nior.
216 2976 249 3052 p.
262 2971 352 3044 457.
364 2955 477 3048 mogis
491 2949 683 3047 eligebant,
704 2951 920 3026 anathemati
927 2949 1128 3049 subiacere,

102 3086 209 3161 qnam
226 3061 393 3138 uxoribus
407 3086 532 3138 curere.
568 3061 690 3157 Quam
709 3067 998 3140 incontaminate
1015 3065 1127 3161 igitur
1204 3154 1208 3159 ¹

103 3191 140 3253 et
161 3174 299 3252 illibatae
318 3177 415 3261 vitae,
445 3198 485 3251 ac
500 3177 726 3274 imperterriti
742 3178 850 3250 animi
871 3172 937 3251 esse
961 3178 1127 3274 oportuit

103 3310 216 3372 eum,
246 3289 304 3363 cui
325 3289 445 3362 omnia
474 3286 532 3361 illa
553 3289 588 3361 in
615 3285 742 3363 ordine
763 3284 992 3363 ecclesiastico
1015 3287 1137 3363 obsta·

104 3397 187 3474 cula
220 3412 320 3473 erant
340 3398 557 3498 superanda,
600 3411 677 3472 tum
709 3400 899 3495 prurientis
930 3417 1063 3473 naturae
1085 3394 1131 3475 ad

104 3507 408 3595 conservandam,
458 3510 562 3584 slatus
603 3492 820 3585 ecclesiastici
840 3508 1005 3585 sanctitati
1037 3531 1131 3585 con-

102 3643 232 3718 gruam
246 3617 408 3719 corporis
425 3621 629 3706 castitatem,
646 3642 728 3696 cum
740 3619 888 3695 laventis
903 3619 1133 3697 blandientis·

103 3753 177 3830 que
200 3731 356 3809 fortunae
379 3735 415 3808 in
440 3732 761 3808 nundinationibus
780 3729 1014 3818 ‘facultatum
1038 3730 1132 3809 -Deo

106 3845 145 3919 in
173 3841 325 3920 Ecclesia
343 3843 648 3929 consecratarum,
678 3857 715 3922 et
743 3842 960 3941 dignitatum
990 3841 1130 3920 ecclesi-

104 3954 321 4046 aslicarum,
365 3979 452 4055 quas
480 3952 698 4141 ipersumuai
724 3954 901 4055 principes
931 3954 1134 4140 nupadinarii

610 4084 637 4159 4
1012 4087 1085 4142 cie-¹
