2506 4958
483 532 892 627 PRAEFATIO.

161 726 230 811 ego
246 698 432 786 dilexite.
460 695 628 786 Pollunt
651 698 736 787 haec
755 694 1005 786 adfuturam
1027 694 1216 815 aliquan·-

163 814 221 899 do
241 812 474 899 ludaeurum
494 806 636 898 referri
654 810 959 899 conversronem
981 816 1025 899 iu
1043 810 1222 899 noviffie

164 928 242 1011 mis
263 924 340 1011 illis
371 923 706 1039 periculofiffimis
728 926 1010 1038 temporibus,
1038 924 1092 1009 de
1147 926 1214 1013 ui·

162 1038 242 1126 bus
260 1038 332 1125 fibi
353 1040 500 1126 merito
516 1039 693 1153 quisque
713 1041 851 1123 timeat
868 1038 909 1123 in
931 1036 1094 1124 tantiss
1140 1064 1215 1125 uc-

162 1154 324 1237 tionum
345 1150 554 1265 periculis,
572 1147 711 1236 laxatis
729 1151 913 1265 undique
931 1150 1102 1236 licentiae
1122 1148 1213 1236 sen-

163 1264 290 1351 tiendi
318 1264 508 1361 habenis,
538 1264 578 1348 in
610 1261 840 1349 revescente
858 1266 900 1348 in
919 1262 1005 1347 dies
1030 1259 1141 1347 malo
1169 1266 1214 1353 in

160 1378 174 1464 i
207 1375 388 1463 suetiam
406 1377 494 1462 finu
510 1290 692 1462 Ecclefiae
710 1373 992 1490 languescente
1006 1373 1212 1573 obscguio

190 1489 257 1574 dei
283 1490 333 1576 ad
361 1488 641 1603 irreligionem
670 1514 803 1603 usque
829 1513 952 1603 atque
975 1490 1213 1601 apostatam

159 1600 298 1700 illam,
328 1602 381 1688 de
435 1630 486 1688 ua
504 1599 712 1689 Christus:
758 1600 887 1687 Filius
910 1600 1100 1699 hominii,
1126 1604 1213 1701 ait,

160 1714 267 1804 Luc.
294 1630 438 1801 xvltl.
457 1724 497 1813 8.
518 1715 680 1799 veniens
698 1730 815 1826 putas
834 1714 1007 1800 inueniet
1025 1712 1147 1813 fidem
1167 1740 1213 1799 tn

160 1822 315 1916 tetris?
349 1826 650 1913 Praesentiffimo
672 1823 877 1938 pericula,
907 1848 974 1922 ut,
1004 1824 1106 1913 dum
1129 1826 1213 1913 Ec-

160 1938 285 2026 clefiae
306 1940 534 2034 militantis,
562 1943 680 2051 regni
700 1938 849 2025 Christi
873 1938 1072 2036 interris,
1114 1964 1212 2025 ner-

160 2054 202 2139 vi
221 2076 265 2136 ac
285 2051 458 2166 potestas
476 2080 499 2137 a
515 2051 678 2138 Christo
704 2049 846 2137 collata
874 2046 1055 2163 depressa
1081 2046 1214 2137 succi-

159 2163 293 2261 ditur,
321 2164 408 2249 smu
429 2162 500 2249 illo
520 2161 776 2259 deiiciamur,
804 2188 851 2249 ac
880 2162 1116 2249 excidamus
1135 2190 1213 2275 pe·

159 2302 240 2375 tra,
268 2276 390 2390 super
409 2302 533 2407 quam
553 2274 785 2363 inconcull'a
799 2303 931 2390 usque
950 2275 1000 2360 ad
1020 2274 1211 2362 consum-

158 2394 380 2479 mationem
408 2386 528 2476 leculi
560 2386 676 2476 stabit
702 2387 902 2486 Ecclesia,
941 2389 983 2474 in
1014 2414 1209 2475 commu·

159 2507 284 2591 nione
304 2502 369 2588 illa
389 2502 644 2587 summorum
668 2500 851 2587 Ecclefiae
873 2501 1102 2613 pastorum,
1163 2501 1208 2591 ui

158 2613 252 2701 sunt
278 2614 534 2700 ecclefiarum
561 2611 694 2726 angeli
723 2639 819 2698 cum
844 2610 1135 2700 successoribus
1194 2678 1209 2705 .

159 2727 266 2814 Petri
297 2730 338 2811 in
368 2723 460 2810 sede
486 2727 693 2822 Romana,
738 2725 891 2839 quibus
919 2752 1069 2839 nempe
1103 2724 1209 2817 illud

159 2837 317 2925 dictum
337 2840 548 2926 convenit:
579 2838 712 2951 Apac.
731 2839 794 2924 lll.
815 2870 878 2931 ιο.
906 2838 1101 2949 &ioniam
1119 2836 1208 2950 ser.

159 2948 260 3055 valli
282 2948 442 3037 verbum
463 2951 658 3062 patientiae
681 2978 797 3048 meae,
823 2968 863 3033 et
888 2979 955 3062 ego
997 2948 1140 3037 anaba
1167 2972 1207 3038 te

160 3062 209 3151 ab
231 3065 324 3149 bora
351 3064 600 3162 tentationis,
654 3093 712 3147 uae
738 3082 957 3152 venturae
1010 3064 1053 3147 in
1080 3062 1206 3153 orbem

157 3175 378 3285 universum
401 3177 590 3261 tentareh
639 3180 780 3261 itantes
798 3178 840 3261 in
859 3196 976 3264 terra.
1014 3177 1118 3263 Ecce
1133 3206 1207 3265 ve-

110 3368 114 3377 .
158 3292 221 3376 nio
241 3292 341 3383 cito:
367 3311 473 3388 tene,
499 3290 603 3401 quod
615 3288 747 3386 habes,
777 3308 822 3374 ut
843 3318 949 3375 nemo
966 3293 1128 3403 accipiat
1141 3319 1205 3377 to.

158 3432 290 3491 ronam
312 3424 418 3488 tuam
432 3432 449 3493 .·
474 3399 557 3510 ,Qui
572 3403 739 3500 vicerit,
759 3398 907 3516 faciam
932 3403 1038 3487 illum
1061 3407 1204 3489 colum·

157 3545 247 3601 nam
265 3520 307 3601 in
325 3519 458 3629 templo
479 3515 556 3597 Dei
573 3516 671 3611 mei,
699 3511 867 3625 etseras
892 3544 968 3599 non
984 3514 1202 3623 egredietur

39 3646 42 3651 ’
158 3631 343 3742 amplius:
382 3646 421 3711 et
431 3622 593 3740 scribam
603 3622 720 3739 super
740 3655 824 3711 eum
846 3656 979 3713 nomen
1008 3629 1084 3711 Dei
1101 3632 1203 3729 mei,

156 3758 195 3827 et
213 3769 347 3825 nomen
365 3741 540 3825 civitatis
561 3740 637 3823 Dei
656 3751 728 3823 mei
747 3767 857 3826 nove
880 3738 1101 3850 lerufhlem,
1119 3771 1204 3857 quae

157 3851 346 3963 descendit
369 3851 417 3935 de
441 3856 531 3938 caelo
556 3880 581 3934 a
606 3855 690 3937 Deo
715 3879 819 3946 meo,
846 3869 884 3936 et
912 3880 1046 3938 nomen
1077 3880 1201 3940 meum

157 3994 314 4052 nevum.
357 3963 434 4050 Sed
454 3991 579 4080 quem
598 3991 681 4051 non
701 3988 876 4052 terreant
890 3963 1093 4052 columnae
1110 3964 1202 4067 itlae,

157 4106 250 4194 quae
284 4077 506 4165 identidem
540 4104 806 4177 corruerunt,
839 4076 1021 4190 collapsis
1038 4077 1202 4171 dudum

80 4244 84 4251 ·
154 4193 324 4307 integris
348 4189 459 4278 orbis
483 4191 669 4307 partibus
690 4191 783 4281 Afia
803 4216 844 4280 et
864 4187 1025 4293 Africa,
1051 4216 1098 4277 ac
1115 4220 1204 4285 ma·

1061 4332 1145 4420 gna
