2506 4958
138 142 141 153 ¹
281 223 434 299 regnum
460 197 591 291 christe·
610 201 651 277 in
671 202 792 280 terris.
806 164 838 278 e,
859 194 998 306 XLIV.
1101 221 1156 296 95

114 366 202 452 bus,
233 364 333 444 secus
361 367 461 441 acin
491 354 630 463 Anglii.
688 360 761 443 Res
781 362 969 442 catholice
993 385 1079 442 cum
1099 386 1162 444 en.

123 487 239 566 1629.
259 479 295 552 in
315 479 483 576 imperio:
498 475 722 555 Germanico
747 474 879 554 caesaris
908 474 1088 554 sannione
1112 475 1191 557 de·

113 591 222 668 bonis
245 586 511 675 ecclefiasticis,
541 604 669 666 contra
688 587 817 667 Pacem
843 586 1065 687 Religiosam
1091 608 1158 667 oc·

112 705 275 802 cupatis,
307 700 558 788 restituendis,
590 700 690 800 quud
708 697 940 792 Reservatrrni
964 697 1159 794 ecrlrfiullt‘·

114 836 194 890 rum
214 813 264 889 est
287 812 444 900 dislum,
477 812 680 913 prosetlum
703 811 834 891 habere
858 812 1084 900 viderentur,
1117 812 1160 890 il·

113 926 176 1003 lud
201 924 472 1001 recrudescente
494 924 613 1013 bello,
650 939 758 1026 atque
783 948 839 1001 nu.
864 936 982 1020 1648.
1004 927 1041 1001 in
1067 948 1159 1025 pace

116 1036 368 1137 Westphnlica
394 1037 527 1114 statuto
558 1061 657 1115 enno
684 1037 894 1114 decretorio
917 1048 1033 1129 1624.
1048 1060 1159 1136 gran·

117 1151 200 1226 dem
232 1151 399 1226 indutam
426 1150 529 1237 ierit,
572 1150 735 1227 maxime
756 1163 878 1229 autern
904 1149 958 1227 ius
985 1153 1078 1226 circa
1106 1149 1158 1227 sa·

112 1285 192 1348 cra,
215 1261 301 1337 dum
318 1263 395 1337 iure
410 1259 632 1339 reformandi
651 1263 795 1341 uatibus
812 1262 955 1363 imperii
971 1259 1155 1351 concesso,
1232 1272 1235 1277 ’

110 1373 284 1472 legitimis
303 1373 338 1449 id
360 1371 614 1473 possessoribus
635 1389 823 1452 extortum
848 1374 920 1463 esi,
950 1396 997 1451 ex
1015 1373 1158 1451 senteu-

110 1489 161 1562 tia
213 1485 555 1565 iurisconsultorum
590 1488 833 1587 profanorum
878 1489 1155 1589 aprincipibue

112 1596 242 1684 seculi,
273 1621 353 1674 non
380 1621 468 1676 vero
495 1598 660 1700 legitime
690 1595 918 1679 ecclesiastiea
946 1600 1153 1702 potestate,

111 1708 405 1788 determinatum.
837 1742 845 1759 «

194 1868 312 1970 Hugo
346 1868 526 1958 Grotius,
553 1872 635 1959 cui,
656 1868 746 1946 dum
771 1866 935 1959 viveret.
975 1870 1155 1969 restitutio

108 1982 390 2062 christianorum
420 1984 457 2057 in
487 2004 604 2060 unum
642 1981 814 2082 idemque
846 2004 981 2082 corpus
1013 1982 1154 2083 semper

112 2096 220 2172 cordi
240 2094 332 2180 fuit,
365 2092 468 2172 senfit
488 2093 683 2196 aliquando
703 2108 740 2172 et
762 2116 846 2172 cum
868 2117 914 2173 eo
940 2092 1067 2181 multi,
1099 2097 1154 2173 uti

108 2210 149 2282 in
166 2204 342 2283 Rivetiuni
357 2205 535 2306 apoleget,
555 2204 767 2285 discufflone
786 2205 909 2306 legere
923 2206 991 2296 est,
1021 2203 1062 2311 n)
1076 2230 1153 2285 nou

111 2316 213 2420 posse
240 2317 478 2396 Proteslantes
500 2321 595 2396 inter
620 2319 655 2396 se
678 2320 804 2420 iungi,
848 2316 911 2397 nifi
943 2319 1157 2426 simuljiun·
1247 2338 1250 2342 ’

109 2447 243 2530 gantur
262 2454 348 2507 cum
372 2435 431 2519 iis,
461 2436 525 2533 qui
550 2431 620 2533 sedi
639 2428 1047 2524 Romanae'cohaerent,
1077 2432 1153 2518 sine

111 2567 182 2644 qua
206 2543 332 2643 sperari
356 2567 431 2621 non
457 2541 572 2644 posset
598 2549 634 2620 in
649 2542 808 2621 Ecclesia
830 2567 1031 2624 commuue
1057 2552 1153 2648 regi-

111 2679 209 2730 men.
269 2654 357 2732 ldeo
385 2669 511 2753 optat,
541 2671 582 2732 ut
608 2679 647 2733 ea
678 2653 854 2742 divulsio,
900 2679 982 2757 quae
1007 2665 1150 2752 evenit,

104 2783 144 2845 et
171 2766 279 2841 cuusae
303 2766 509 2844 divulsionis
531 2767 714 2845 tolluntur.
772 2766 872 2845 luter
896 2767 958 2847 has
985 2776 1151 2870 reponit,

110 2878 270 2957 ablatum
308 2880 504 2979 primatum
537 2879 699 2979 episcopi
727 2874 905 2968 Romani,
952 2880 1151 2963 secundum

109 3015 269 3070 canones
288 2995 318 3066 ei
340 2991 523 3079 debitum,
550 3015 636 3070 cum
661 2987 946 3081 Melanchtone,
972 2996 1037 3094 qui
1066 3020 1153 3077 eum

110 3108 307 3204 primatum
327 3107 433 3179 etiam
454 3103 684 3183 necessarium
704 3107 840 3205 putruit
859 3105 904 3182 ad
925 3107 1153 3189 retinendam

110 3220 297 3292 unitatem.
356 3216 489 3317 Neque
508 3221 604 3294 enim
624 3217 696 3296 hoc
715 3216 781 3303 est,
803 3240 849 3294 ex
870 3221 947 3295 esus
962 3215 1150 3311 sententia,

113 3324 305 3404 Ecclefiam
326 3326 498 3405 subiicere
518 3327 699 3429 pontificis
718 3328 885 3417 libidini,
916 3329 974 3407 sed
996 3355 1152 3429 repone·

112 3463 152 3512 re
183 3440 357 3516 ordinem.
385 3439 560 3540 sapienter
593 3444 807 3520 institutum.
886 3441 920 3521 ls
954 3457 1077 3521 tumen
1110 3447 1151 3525 in

109 3555 374 3628 commentario
390 3553 591 3651 posthumo
603 3554 648 3631 de
665 3557 818 3654 imperio
836 3552 1056 3634 summarum
1080 3580 1152 3660 po.

109 3664 275 3738 testatum
291 3667 384 3740 circe
399 3665 488 3744 sacra
503 3664 541 3757 b>
557 3667 675 3744 dicere
690 3666 794 3744 ausus
805 3667 872 3753 est,
903 3666 1085 3747 ecclesiam
1100 3671 1153 3751 le·

109 3773 310 3875 gislativam
348 3781 561 3877 potestatem
597 3779 680 3880 lege
711 3778 832 3857 divina
867 3800 947 3857 uon
994 3781 1148 3879 hebere,

269 3940 273 3951 .
953 3915 1090 3991 qnare,

150 3984 186 4091 a)
209 4007 246 4076 T.
265 4007 316 4077 lv.
341 4009 420 4092 Opp.
434 4032 463 4095 p.
491 4031 561 4096 744.
626 4015 661 4095 l)
681 4033 747 4098 cap.
771 4010 851 4083 vni.
874 4034 905 4081 u.
930 4034 980 4086 ιο.
