2506 4958
276 244 428 320 regnum
453 218 584 310 cirilli
598 225 637 298 in
652 225 773 302 terris.
800 246 827 300 r.
852 216 974 301 XLII.
1089 233 1144 322 25⁴
1226 338 1233 349 ἱ

106 399 235 470 ronna
263 384 462 464 adulatores
488 382 625 463 consid.
650 407 687 478 7.
731 385 778 462 de
804 389 968 485 principe
995 387 1141 480 liatait.

105 502 207 584 baud
227 496 365 576 'veritus
395 498 439 577 ad
470 497 658 576 Ciceronis
689 498 1146 600 auiioritatemprovoca·

104 641 166 703 re,
193 637 235 691 ac
249 613 392 691 Senecae
412 608 499 686 illud
524 612 559 684 in
580 608 807 706 Tragoediis,
835 612 975 695 adrem
998 612 1144 692 afferre:
1198 615 1202 635 ¹

106 727 220 825 Nulla
244 725 317 801 Deo
336 724 484 820 gratior
500 723 667 808 viiiinra,
699 745 804 818 quom
828 713 1010 807 tirannus.
1071 726 1147 811 Au·

98 833 166 920 'sas
186 838 236 916 est
252 840 380 924 etiam,
411 832 504 910 sensa
523 833 581 908 illa
604 832 662 910 saa
684 833 847 933 proferre
865 839 900 911 in
918 835 1084 914 sermone
1100 835 1146 915 ad

106 975 234 1052 regem
255 947 451 1026 Galliarum
476 948 626 1020 nominc
654 944 887 1023 universitatis
911 946 1015 1025 Puris.
1045 948 1146 1027 habi·

106 1079 180 1143 to‘
211 1085 289 1162 quae
312 1055 537 1144 uuiverfitas,
576 1059 677 1135 caios
701 1056 772 1156 ipse
796 1074 871 1136 erat
894 1060 1149 1153 cancellariae,-

107 1177 229 1255 criiias
253 1190 341 1250 tunc
375 1172 536 1246 maxime
567 1168 789 1255 extollebat.
830 1170 961 1271 suaque
993 1173 1148 1270 auiiori·

107 1281 214 1366 ritate
238 1283 359 1368 facile,
399 1280 630 1360 Gallorum
621 1284 822 1380 imprimis,
868 1286 903 1360 in
900 1298 1048 1404 partes
1075 1299 1147 1364 tra-

107 1400 220 1478 hebat
255 1400 426 1480 animos,
477 1408 689 1470 commotos
719 1394 810 1470 olim
844 1363 971 1472 adeo
962 1420 998 1472 rn
1025 1395 1144 1477 sedem

107 1499 313 1592 Romanam
339 1510 389 1582 ob
414 1504 622 1584 dissidium
612 1522 705 1582 inter
731 1503 957 1586 Bonisacium
980 1507 1078 1588 Vlll.
1109 1524 1146 1587 et
1246 1592 1248 1598 ,

105 1622 318 1724 Philippum
340 1618 403 1696 lV.
435 1622 496 1718 qui
517 1622 586 1693 iam
605 1621 715 1695 anani
735 1634 857 1697 neotus
880 1623 1146 1701 recruduerant

110 1737 164 1815 ob
203 1734 407 1811 exactiones
446 1726 663 1828 pontificum
707 1735 912 1807 vicinorum
960 1731 1148 1813 Avenione

107 1844 371 1927 residentium
402 1840 656 1917 reservationes
674 1863 745 1940 prae
750 1840 867 1918 sertim
887 1841 1147 1932 beneficiorum

108 1960 251 2055 aliaque
283 1977 391 2029 onera
416 1953 458 2028 ad
492 1950 783 2028 sustentationem
821 1952 993 2040 illorum,
1038 1960 1145 2034 etiam

107 2066 440 2150 schismaticorum,
472 2054 684 2162 pontificum
710 2062 888 2163 imposita.
945 2067 1148 2147 Accedebat

109 2178 315 2263 scandalum
343 2192 378 2252 et
399 2177 660 2277 perturbatio
651 2199 686 2251 rn
711 2172 873 2256 Ecclesia
897 2180 1075 2277 regimine
1097 2181 1148 2259 ob

109 2293 257 2374 schisma
286 2289 372 2365 illud
400 2285 675 2374 avenionense,
727 2292 824 2366 uude
853 2291 1066 2390 potestatem
1097 2292 1149 2372 se-

110 2405 270 2485 cularem
290 2403 493 2503 principum
512 2404 547 2475 in
567 2400 742 2477 auxilium
765 2403 981 2501 implorandi
1004 2403 1148 2484 occasio

110 2532 240 2601 enata,
273 2517 493 2614 negotiaque
523 2511 691 2623 pleraque
716 2513 944 2592 ecclesiastica
973 2516 1150 2595 evocandi
1243 2522 1249 2536 '

110 2630 177 2708 sub
204 2641 379 2728 praetextu
411 2610 660 2700 conservanda
692 2623 894 2709 libertatis,
939 2629 1149 2727 corrigendi

111 2740 222 2818 abusu
225 2764 265 2825 s,
298 2736 439 2814 tuendae
476 2731 694 2833 possessionis
739 2737 807 2812 &c
868 2734 1046 2816 Observat
1075 2738 1150 2818 huc
1238 2798 1243 2809 .

111 2844 373 2929 Genebrardus
394 2845 463 2935 a)
454 2870 490 2922 rn
512 2844 703 2923 Clemente
725 2845 771 2922 de
799 2848 1034 2928 translatibne
1059 2850 1149 2928 sedis

111 2960 376 3068 pontificia„
377 2956 598 3055 3Denique,
620 2956 737 3053 (ait,
755 2953 985 3046 >haeredis
1006 2962 1152 3062 aposto·

110 3133 136 3172 „
167 3075 243 3152 licae
267 3017 450 3150 translatio
476 3069 577 3145 valde
603 3060 755 3146 soedavit
783 3075 967 3172 antiquam
988 3071 1152 3154 Ecclesia

111 3187 302 3284 „faciem
362 3180 456 3261 Nam
491 3199 618 3282 praeter
643 3182 818 3261 inauditas
848 3184 1151 3286 dispensationes

113 3357 139 3396 ,‚
168 3312 205 3376 et
227 3296 427 3383 lbniiorum
454 3316 638 3374 canonum
666 3299 916 3375 enarrationes
936 3302 1041 3399 periit
1063 3298 1152 3378 iilud

113 3467 138 3505 „
167 3411 329 3486 divinum
357 3412 440 3496 ius,
466 3406 630 3487 secularia
651 3405 885 3495 secularibus,
901 3422 952 3488 'et
978 3412 1153 3511 regularia

113 3579 138 3618 „
167 3521 389 3620 regularibus
420 3517 630 3604 tribuenda,
660 3523 817 3597 maxime
838 3525 873 3597 in
893 3520 1030 3610 Gallia,
1063 3524 1151 3602 dam

116 3692 140 3731 „
169 3632 356 3734 pontifices
386 3633 491 3709 huius
512 3632 838 3730 transmigrationis
871 3635 1063 3735 plusquam
1095 3637 1155 3714 ba-

117 3785 141 3841 ,3
173 3744 348 3847 bylonicae
370 3747 483 3841 (nam
509 3744 769 3823 observantiam
793 3747 1022 3845 regularem,
1055 3746 1155 3835 disci·
1193 3795 1197 3803 ι

585 3853 614 3936 Β
646 3877 664 3952 5
723 3956 725 3960 ,
981 3917 1004 3955 ,‚
1036 3858 1100 3961 pli-

163 4028 199 4107 a)
217 4021 325 4090 chron.
349 4020 399 4088 lib.
425 4020 477 4120 iil·
