2512 4620
269 231 422 310 regenam
442 205 572 301 anisi
589 209 632 289 in
645 209 767 289 terris.
782 228 813 291 t.
829 199 968 289 XLVI.
1053 206 1134 303 {203
1248 166 1251 171 Ι

102 375 167 456 tter
182 373 252 454 iarn
268 372 315 452 ad
332 372 469 455 saniora
487 370 633 452 consilia
657 370 741 451 suut
756 373 916 451 revocati
926 428 939 462 ,
963 369 1140 455 donarer

102 487 304 571 nollratea.
347 485 437 563 dum
457 487 591 563 incauti
617 482 894 565 Proteslautium
922 483 1050 585 placita
1072 481 1142 563 Eo-

102 594 215 677 clefiae
247 595 443 675 obtrudere
476 596 708 675 contendunt
735 594 802 675 sub
832 600 1004 676 ementita
1025 596 1143 697 specie

99 710 309 793 libertatum
325 705 660 816 ecclesiasticarum.
686 709 753 787 viri
769 728 920 809 quoque
945 730 991 787 ex
1011 708 1143 793 ordine

100 818 331 900 hierarchice
348 819 453 898 editis
479 820 599 907 libris.
629 819 825 898 autetiam
857 817 1047 897 hincinde
1077 842 1144 920 per

104 932 279 1034 quasdam
299 932 502 1032 provincias
525 929 683 1032 epistolia
708 929 966 1030 pastoralibus,
995 950 1041 1007 ex
1062 934 1144 1033 qui-
1225 982 1228 987 -

104 1046 175 1122 bus
209 1066 414 1145 anonymus
440 1042 586 1144 quidam
608 1038 649 1132 u)
674 1064 773 1119 anno
798 1044 981 1150 pratetlto
1007 1061 1144 1121 amarae

105 1159 356 1261 querimonias
390 1154 427 1236 S.
444 1154 632 1237 catholica
659 1150 822 1237 Ecclefiae
848 1155 901 1238 oh
928 1150 1145 1254 multiplicia

105 1283 252 1368 accepta
269 1266 414 1347 vulnera
438 1268 482 1344 ab
499 1267 645 1345 efftoeni
670 1264 829 1344 novandi
858 1266 1003 1357 studio,
1030 1264 1146 1343 irreli-

105 1384 239 1487 gione,
268 1376 460 1468 irrisione.
490 1379 677 1481 superbia,
706 1375 915 1457 adulatione
940 1392 977 1456 et
1000 1391 1147 1481 proter-

104 1494 163 1569 uia
210 1491 415 1570 multorum
460 1491 728 1572 catholicorum
771 1493 879 1569 etiam
924 1487 1143 1597 scriptorum

106 1605 242 1690 edens,
273 1620 346 1680 tam
373 1603 485 1682 multa
502 1605 697 1704 colligere,
726 1600 972 1705 prohdolor!
999 1604 1142 1703 putuit,

106 1715 275 1815 dignitati
294 1713 454 1793 Ecclesia
473 1716 608 1795 Christi
625 1715 759 1816 spunsae
774 1711 917 1791 adversa
928 1712 948 1819 l·
968 1712 1071 1793 Dum
1088 1715 1145 1793 ul·

106 1835 242 1905 mirum
263 1831 339 1905 iura
356 1828 576 1905 hierarchica
589 1841 652 1905 aut
670 1825 957 1913 convelluntur,
986 1839 1049 1905 aut
1064 1848 1147 1926 pet·

105 1941 325 2027 turbantur,
355 1951 466 2038 atque
485 1962 506 2015 a
522 1942 787 2019 commuuione
814 1935 872 2015 illa
895 1937 1064 2038 legitima
1087 1959 1147 2015 eo-

106 2048 302 2129 elesrasticae
336 2050 519 2150 potestatis
556 2052 652 2128 inter
684 2050 848 2130 summos
879 2045 1042 2130 Ecclesiae
1061 2104 1064 2109 -
1082 2068 1146 2148 pa·

109 2165 221 2239 stores
242 2159 423 2239 sumntum
451 2160 663 2262 pontificem
685 2178 721 2240 et
738 2160 928 2262 episcopos
948 2184 1033 2242 cum
1055 2180 1148 2261 prae·

107 2273 279 2351 sentaneo
292 2271 485 2352 schismatis
505 2275 668 2377 periculo
687 2273 726 2353 lit
740 2272 927 2362 abscessio,
958 2296 1028 2374 pax
1048 2294 1146 2374 qua·

108 2391 227 2472 titur,
258 2386 319 2462 ubi
338 2409 413 2462 non
441 2387 490 2464 esi
511 2410 600 2488 paxu
635 2390 791 2489 propriis
814 2385 1047 2473 utilitatibus,
1077 2383 1146 2463 ho·

108 2501 215 2584 nori,
244 2512 280 2573 et
303 2497 530 2586 auctoritati,
578 2516 641 2581 aut
664 2503 771 2580 etiam
791 2500 941 2577 allotriae
965 2497 1143 2584 desertor,

109 2631 193 2685 cum
221 2607 409 2708 dispendio
427 2611 611 2703 utilitatis,
646 2610 826 2701 honoris,
865 2624 902 2689 et
923 2610 1146 2689 autloritatir

108 2718 363 2798 ecclesiastica:
380 2724 522 2798 incaute
538 2745 580 2801 ac
595 2721 804 2803 inconsulto
814 2721 859 2800 ad
878 2720 1051 2807 remedia.
1072 2744 1148 2797 ma·

110 2832 156 2908 lis
185 2829 346 2909 Ecclesiae
373 2832 545 2911 intestinis
571 2835 717 2915 aliunde
745 2831 949 2922 afferenda.
1001 2828 1149 2911 confilia

110 2946 327 3044 capiuntur,
368 2966 449 3044 quae
477 2944 522 3022 ad
542 2946 692 3027 eandem
717 2946 894 3045 dignitate
912 2968 954 3022 ac
971 2943 1149 3046 potestate

110 3056 171 3133 sua
194 3055 429 3133 deiciendam
455 3075 637 3157 vergunt,
667 3081 777 3162 quam
799 3056 982 3137 aChrilio
1005 3072 1042 3132 et
1060 3075 1148 3151 apo·

111 3168 208 3246 stolis
245 3171 407 3268 accepit,
460 3168 670 3274 semperque
700 3187 781 3248 tum
815 3172 853 3247 in
884 3169 975 3248 slatu
1004 3162 1146 3267 presso,

112 3305 197 3357 cunr
220 3282 329 3357 etiam
352 3281 416 3357 illo
439 3280 588 3362 eluslata
613 3281 839 3364 conservavit
873 3283 910 3359 in
936 3279 1030 3361 orba
1055 3277 1150 3358 chri·

113 3393 255 3480 fflano.
297 3392 566 3496 christianisque
600 3394 665 3477 sub
694 3395 939 3499 principibus,
976 3392 1046 3491 piis
1069 3414 1149 3468 mu·

904 3501 1094 3603 nificisque

114 3677 1151 3865 ⁶>si‘atslntilililiisffl‘llitsftl‘its'titiga

158 3848 219 3912 lose
239 3848 517 3927 Neuerungasucht‚
540 3847 734 3928 Umehgron,
756 3849 933 3927 Spotterey‚
954 3847 1056 3918 Stolo,
1073 3850 1149 3911 Heu·

158 3931 263 4012 cheley
277 3932 336 3994 und
354 3932 579 4011 verwegenheit
600 3931 804 3996 verschidener
816 3927 1013 4001 meholisohem
1031 3929 1153 3996 Schrift-

158 4013 254 4080 ileller
278 4034 337 4078 ron
360 4013 429 4083 Zeia
446 4034 485 4081 au
503 4015 572 4081 Zeia
592 4016 706 4082 tersezt
724 4013 857 4079 werden.
