2506 4958
162 302 165 306 *
202 296 354 374 regnum
382 267 511 368 Cbrr'fii
532 274 573 352 in
594 276 715 354 terris.
741 295 769 354 e.
800 268 965 357 XXVII.
1025 261 1111 379 εὴ
1169 210 1172 214 Δ
1215 219 1220 236 ¹

59 494 83 551 3,
114 439 261 540 quidem
292 453 328 516 et
358 439 431 514 vim
458 437 601 525 afferat,
642 453 678 516 et
704 429 848 517 interim
876 441 1003 519 afferre
1023 464 1103 524 norr

58 610 82 647 ‚‚
114 553 297 643 videatur;
346 573 412 626 nos
447 564 573 626 contra
596 566 632 626 et
653 550 823 651 supplicia
856 554 1107 652 perferamus,

58 723 82 760 „
113 679 150 741 et
173 689 218 740 eo
246 667 387 739 interim
414 662 575 747 honore,
607 666 669 763 qui
694 687 761 762 pro
792 664 923 742 Christi
951 671 1104 747 nomine

58 773 605 967 ir2u÷rrzrrsfzrv¹rs·2
633 798 818 986 vna
832 833 883 967 r
905 776 1160 966 arv*
1231 869 1235 879 ·

88 912 260 966 overor
364 912 381 961 e
446 911 467 959 n
579 911 627 971 r,
741 912 827 964 ea.
884 912 958 966 aer
1010 915 1102 970 eea.

59 1018 137 1089 rat,
168 1058 190 1093 ,‚
210 1014 251 1078 ut
270 998 372 1099 quod
401 997 631 1075 inhumanius
658 1012 751 1085 erat,
796 998 867 1077 hoc
889 1002 938 1079 eil
960 1005 1033 1079 vim
1062 1017 1102 1084 et

57 1170 81 1208 „
112 1112 340 1213 tyrannidem
369 1104 536 1210 populari
563 1111 696 1198 turbae,
727 1112 998 1213 civitatibusque
1017 1139 1104 1215 per.
1156 1130 1159 1134 ’

58 1282 81 1319 ,,
115 1239 273 1302 mitteret
313 1278 344 1315 ,.
430 1220 471 1298 ld
518 1221 620 1323 quod
663 1223 783 1322 postea
832 1223 1100 1304 Alexandrino.

59 1362 142 1417 rum
172 1334 342 1434 exemplo
372 1329 616 1421 demonstrat,
649 1335 736 1411 dum
762 1333 889 1413 iuliani
918 1338 1029 1416 edida
1058 1337 1100 1430 o)

59 1462 327 1536 commemorat
352 1501 374 1539 „
391 1468 470 1547 quar
493 1444 656 1536 adversus
678 1445 788 1524 sacras
809 1448 900 1526 aedes
921 1449 1008 1527 dum
1030 1475 1100 1553 pu.

61 1617 84 1656 ,‚
114 1560 206 1637 blice
230 1560 553 1661 proponebantur,
595 1570 674 1636 turn
706 1562 871 1659 privatim
903 1561 1099 1662 expleban.
1221 1566 1229 1587 ⁴

58 1731 80 1768 „
111 1692 193 1760 tur,
242 1686 278 1749 et
316 1674 524 1747 votivorum
558 1669 745 1748 donorum
781 1695 823 1749 ac
856 1677 1098 1771 pecuniarum

58 1842 81 1880 ‚,
113 1782 369 1885 expilationem
408 1805 484 1858 non
518 1785 632 1881 magia
663 1783 707 1858 ab
736 1785 939 1883 impietate,
985 1809 1099 1886 quam
1190 1804 1193 1808 ·

58 1955 81 1992 ,,
108 1898 152 1974 ab
184 1899 327 1973 avaritia
354 1907 581 1981 manantem,
629 1907 665 1970 et
692 1892 871 1972 sacrorum
901 1896 1099 1990 vasorum,

58 2067 81 2104 „
113 2032 192 2110 quae
220 2008 379 2109 profanis
409 2005 574 2082 manibus
607 2003 808 2104 petulanter
840 2019 877 2084 et
904 2023 1100 2088 contume.

57 2180 80 2217 „
110 2119 199 2198 liole
223 2119 484 2204 tradebantur,
514 2117 755 2217 direptionem
775 2115 844 2195 &o
862 2172 885 2212 „
943 2116 1096 2200 Oratio.

60 2260 107 2312 ne
127 2232 172 2310 V,
198 2253 277 2333 quar
295 2233 343 2309 est
367 2229 535 2306 invediva
558 2231 595 2306 in
620 2225 798 2307 lulianum
824 2225 997 2320 secunda,
1020 2236 1097 2312 eius

60 2349 321 2438 immanitatem
345 2342 571 2443 persecutus,
613 2366 684 2442 qua
711 2342 823 2420 indies
846 2344 905 2421 ille
927 2344 1095 2425 adversus
1191 2397 1193 2400 >

58 2459 271 2536 christianos
302 2452 442 2533 furebat
472 2453 738 2531 vehementius:
768 2511 791 2546 „
820 2454 917 2534 Cum
948 2473 1092 2547 autent,
1212 2506 1215 2516 ·

56 2624 79 2664 „
109 2573 246 2671 inquit:
278 2566 316 2656 ir)
338 2588 400 2668 per
421 2562 484 2643 alia
508 2569 631 2644 omnia
653 2564 736 2643 ellet
759 2564 952 2665 grallatus,
984 2587 1094 2670 atque

57 2738 79 2776 ‚‚
111 2707 222 2759 omne
255 2675 460 2781 tyrannidis'
484 2681 520 2753 irr
554 2701 621 2752 nos
648 2691 684 2754 et
713 2675 932 2755 crudelitatis
955 2703 1094 2777 genus,

57 2851 81 2888 „
111 2811 151 2872 ut
180 2792 258 2870 leve
283 2809 318 2869 et
349 2791 524 2877 abiectum
559 2786 823 2888 contempsisset
851 2793 868 2885 (
898 2814 965 2867 nec
995 2794 1095 2870 enim

57 2963 80 3000 „
112 2907 181 2983 ulia
211 2927 370 3005 unquam
402 2921 525 2979 natura
559 2902 602 2977 ad
633 2896 813 2978 malorum
845 2904 1097 2980 inventionem

58 3076 80 3111 „
112 3018 204 3095 illius
233 3035 357 3097 natura
384 3014 594 3091 foecundior
618 3026 654 3089 et
676 3013 821 3090 uberior
844 3010 943 3103 fuit)
970 3015 1015 3090 ad
1032 3036 1096 3090 ex-

57 3187 81 3224 „
112 3146 269 3207 tremunt
288 3124 492 3206 ludaeorum
514 3149 662 3227 quoque
679 3128 863 3202 nationem
884 3127 921 3202 in
943 3150 1009 3202 nos
1028 3129 1098 3203 irn-
1121 3130 1126 3141 ‘

58 3299 82 3335 ‚,
112 3240 284 3318 milit...
318 3237 399 3340 ipsis
431 3241 601 3315 nimirum
635 3239 672 3313 in
705 3241 854 3338 patriam
887 3240 1022 3325 redire,
1052 3262 1097 3318 ac

57 3410 81 3446 „
112 3351 286 3451 templum
316 3353 528 3437 instaurare,
576 3351 849 3451 patriorumque
877 3353 1012 3429 rituum
1043 3352 1098 3429 vi·

57 3521 80 3560 ‚,
111 3489 239 3564 gorern
269 3485 462 3550 renovare,
508 3484 553 3539 ex
583 3461 745 3562 ipsorum
773 3461 906 3539 scilicet
930 3463 1029 3540 libris
1057 3477 1096 3543 et

54 3634 78 3672 „
110 3580 244 3654 arcanis
277 3573 380 3653 fatale
416 3572 483 3652 elia
513 3568 712 3661 affirmans,
759 3597 800 3650 ac
832 3572 1095 3654 benevolentia

57 3746 79 3784 ‚‚
112 3691 226 3789 lpecie
257 3701 507 3766 commentum
538 3685 613 3763 hoc
642 3684 875 3777 occultans„
935 3685 1012 3785 lpse
1037 3690 1095 3764 ni·

58 3804 193 3878 mirum
217 3815 346 3900 utpote
377 3797 588 3876 idololatriae
617 3798 778 3882 deditus.
823 3799 973 3901 perinde
996 3822 1016 3874 a
1039 3800 1102 3876 iu-
1127 3809 1136 3828 ⁸

58 3914 166 3992 daicis
191 3937 299 4014 quam
329 3911 524 3991 christianis
548 3912 680 3988 ritibusw
700 3907 921 4003 abhorrens,
954 3910 1096 3989 hocfa·

511 4020 593 4103 Pa
976 4021 1040 4101 rti-

99 4131 409 4223 ·)r¹·t⁶·v·¹2o
614 4124 899 4209 bimatum
1079 4162 1082 4169 ·
