2506 4958
243 257 393 337 regnum
420 231 549 337 Christi
569 238 609 314 in
635 240 755 313 terris.
781 257 809 312 e.
839 230 981 314 XXIV.
1062 249 1136 331 185

106 460 132 501 ‚‚
158 402 281 480 bonne
310 402 405 477 enim
436 402 635 499 imperator
662 400 790 498 quaerit
814 398 991 477 auxilium
1019 394 1141 477 Eccle-

104 570 131 611 ‚‚
158 512 235 600 siae,
266 535 342 589 non
371 509 543 604 resurae„
601 508 781 609 Legendae
810 510 892 587 sunt
922 512 1077 587 eiusdem
1102 512 1137 590 S.

105 627 224 707 Patris
257 622 413 725 epistole
444 623 628 724 sequentes
665 619 756 699 class.
793 621 818 699 Ι.
848 645 912 714 40.
943 623 987 698 ad
1015 620 1141 701 Theo.

105 735 250 817 dolium
276 740 362 834 imp.
393 734 440 811 de
469 735 650 834 synagoga
681 733 810 811 ludaeis
845 734 1068 812 restauranda
1103 750 1141 812 et

106 872 177 944 4¹·
203 852 240 925 in
277 849 401 924 eadem
424 847 522 924 causa
553 847 597 922 ad
624 845 796 923 sororem.
856 843 968 925 Dedit
992 850 1027 921 in
1051 846 1154 925 hanc-

104 961 340 1044 senrentiam,
371 959 416 1035 de
447 973 681 1057 competente
706 957 775 1035 sori
806 955 1023 1036 ecclefiasiici
1050 960 1144 1034 iudi.

104 1098 175 1159 ce.
203 1068 432 1152 Theodotus
464 1071 507 1146 ad
542 1067 722 1170 Optatum
752 1067 903 1170 AEgypti
935 1069 1141 1170 presedum

106 1186 255 1284 legem,
285 1206 364 1282 quae
384 1182 532 1259 habetur
550 1181 645 1280 apud
669 1180 905 1259 Sirmondum
929 1184 966 1257 in
988 1182 1141 1281 append.

111 1296 199 1375 cod.
234 1292 417 1371 Theodos.
447 1289 487 1380 u)
513 1296 570 1371 eui
612 1292 684 1391 legi
717 1289 945 1372 occasionem
987 1291 1143 1385 dedisse.

110 1407 270 1485 credunt
308 1405 465 1482 editores
499 1403 722 1483 San-Maur.
772 1428 858 1505 opp
896 1404 930 1483 S.
971 1403 1144 1504 Gregorii

113 1517 293 1598 Nazianz.
331 1515 369 1603 b)
397 1522 472 1594 eiur
505 1516 690 1617 epistolam
719 1514 764 1593 ad
795 1516 1003 1596 Nederium
1030 1514 1142 1618 Cpoi.

113 1632 163 1708 de
189 1630 292 1730 episc.
313 1627 525 1726 Bosphorio.
588 1627 684 1707 idem
709 1627 743 1706 S.
770 1627 874 1708 Pater
896 1643 986 1706 orat.
1005 1625 1143 1727 XVII.

113 1745 166 1819 ira
187 1766 223 1816 n.
260 1752 296 1816 6.
331 1740 374 1817 ad
407 1741 647 1816 obedientiam
674 1739 850 1818 bortatur.
908 1794 931 1834 ,‚
950 1741 1146 1819 Submitta-

109 1909 136 1948 „
166 1876 247 1929 mus
275 1874 361 1938 nor,
393 1867 469 1928 turn
499 1849 603 1938 Deo,
635 1868 712 1928 tum
740 1852 797 1928 aiii
817 1852 921 1936 asiis.
968 1866 1046 1929 tum
1073 1855 1142 1943 iis,

111 2021 136 2060 „
168 1965 231 2065 qui
265 1966 429 2040 interris
459 1956 653 2061 imperium
683 1980 836 2061 gerunt:
882 1960 968 2039 Deo
996 1962 1144 2063 quidem

112 2134 138 2171 „
168 2076 339 2153 omnibus
377 2075 422 2150 de
455 2072 582 2159 causis,
621 2073 675 2149 aiii
716 2088 836 2150 autem
877 2074 951 2150 asiis
996 2092 1144 2177 propter
1239 2100 1243 2105 ·

112 2246 139 2284 ‚‚
168 2187 347 2265 eharitatis
371 2185 519 2262 foedus:
545 2186 765 2285 principibus
788 2184 967 2287 denique,
995 2202 1146 2288 propter

113 2299 332 2393 „ordinem
373 2298 593 2398 publiceque
642 2295 831 2397 disciplinae
860 2301 1055 2374 rationem:
1094 2298 1176 2375 id··

115 2468 140 2504 „
169 2434 241 2508 qne
278 2424 381 2486 tanto
424 2412 529 2484 etiarn
568 2413 709 2507 nugis,
750 2423 888 2509 quanto
924 2409 1146 2489 facilioribus

112 2580 138 2617 ‚,
168 2523 235 2597 issis
270 2545 311 2599 ac
346 2523 622 2618 benignioribus
655 2524 832 2614 utimur„
888 2519 1025 2600 Coram
1059 2545 1147 2601 vero

117 2631 325 2736 praesetium
369 2634 562 2733 provincie
601 2632 777 2710 allocutus
814 2635 864 2709 est
904 2634 958 2711 his
1004 2634 1145 2712 verbis:

116 2802 145 2841 ,,.
171 2743 251 2820 Vos
274 2768 422 2844 quoque
443 2746 596 2843 imperio
622 2765 705 2818 meo
732 2765 772 2819 ac
795 2744 933 2820 throno
958 2745 1016 2821 lex
1041 2744 1149 2823 Chri·

113 2914 143 2953 u
174 2857 213 2932 sii
244 2856 395 2932 subiicit.
452 2855 648 2956 Imperium
676 2856 772 2930 enim
800 2879 868 2930 nos
889 2861 1156 2956 quoquegeri»

114 3025 139 3062 ,‚
174 2991 275 3062 mur;
304 2967 399 3043 addo
419 2971 523 3044 etiam
544 2968 761 3067 praestantius
785 2990 827 3044 ac
847 2967 1055 3066 perfectius3
1085 2965 1150 3047 nib

119 3137 143 3174 „
174 3103 261 3159 vero
280 3102 424 3180 aequum
447 3077 487 3157 fit
508 3078 668 3181 spiritum
696 3082 818 3169 carni,
848 3094 885 3157 ct
900 3078 1057 3162 coelestia
1079 3093 1151 3158 ter·
1236 3148 1245 3157 .

115 3248 142 3287 „
172 3193 265 3271 renis
291 3189 427 3271 cedere.
441 3248 465 3284 ‚,

207 3349 404 3430 Versantur
430 3354 466 3428 in
489 3350 565 3429 boc
586 3365 805 3450 argumento
825 3351 906 3434 duae
931 3352 966 3432 S.
983 3352 1010 3432 1.
1031 3352 1150 3454 Chry-

121 3464 274 3542 s'osiomi
297 3459 501 3551 homiiiaer)
532 3467 567 3540 in
584 3462 717 3544 Oziam
743 3488 889 3562 regern,
917 3469 981 3545 ubi
1008 3468 1042 3541 in
1070 3490 1154 3544 ean-

122 3576 207 3652 dem
241 3574 445 3654 senteotiem
478 3576 677 3676 loquutus,
707 3576 846 3653 causam
866 3580 972 3654 etiam
1002 3593 1159 3654 notaret

125 3685 376 3773 occasionem,
407 3690 456 3764 ob
487 3712 594 3788 quom
629 3690 979 3789 optimaequisque
1005 3713 1048 3768 ac
1077 3690 1159 3767 reli-

119 3795 336 3898 giosissimus
356 3823 418 3876 rex
442 3801 565 3877 induci
586 3797 629 3874 ed
653 3798 888 3880 invosaudum
909 3802 1064 3879 alienum
1097 3803 1151 3877 ius

162 4016 209 4089 a)
230 4009 265 4083 T.
291 4010 312 4076 Ι.
339 4031 407 4090 opp.
433 4013 514 4076 Varr.
541 4033 572 4090 p.
590 3908 683 4091 {dns
710 4012 874 4088 bremun
900 4034 927 4093 p.
953 3914 1108 4079 Lxxddf

193 4097 226 4173 c)
245 4094 332 4160 Hom.
348 4094 396 4159 lv.
410 4111 441 4159 et
456 4097 491 4162 V.
506 4098 536 4159 in
555 4095 641 4163 iilud:
660 4100 732 4164 Vidi
747 4101 923 4165 Dominum.
937 4095 973 4161 T.
987 4097 1035 4162 iss.
1059 4117 1088 4179 p.
1104 4110 1170 4171 η’).
