<?xml version="1.0" encoding="UTF-8"?>
<!DOCTYPE html PUBLIC "-//W3C//DTD XHTML 1.0 Transitional//EN"
    "http://www.w3.org/TR/xhtml1/DTD/xhtml1-transitional.dtd">
<html xmlns="http://www.w3.org/1999/xhtml" xml:lang="en" lang="en">
 <head>
  <title>
</title>
<meta http-equiv="Content-Type" content="text/html;charset=utf-8" />
  <meta name='ocr-system' content='tesseract 3.04.00' />
  <meta name='ocr-capabilities' content='ocr_page ocr_carea ocr_par ocr_line ocrx_word'/>
</head>
<body>
  <div class='ocr_page' id='page_1' title='image "./ecclesiamilitan01gerbgoog_0096.png"; bbox 0 0 2506 4958; ppageno 0'>
   <div class='ocr_carea' id='block_1_1' title="bbox 150 168 1216 310">
    <p class='ocr_par' dir='ltr' id='par_1_1' title="bbox 150 168 1216 310">
     <span class='ocr_line' id='line_1_1' title="bbox 150 168 1216 310; baseline 0.001 -20"><span class='ocrx_word' id='word_1_1' title='bbox 150 297 157 306; x_wconf 57' lang='grc'><em>,</em></span> <span class='ocrx_word' id='word_1_2' title='bbox 232 233 385 310; x_wconf 73' lang='lat' dir='ltr'>regnum</span> <span class='ocrx_word' id='word_1_3' title='bbox 411 203 541 303; x_wconf 62' lang='lat' dir='ltr'>curtili</span> <span class='ocrx_word' id='word_1_4' title='bbox 561 211 601 287; x_wconf 84' lang='lat' dir='ltr'>in</span> <span class='ocrx_word' id='word_1_5' title='bbox 627 210 749 288; x_wconf 75' lang='lat' dir='ltr'>terris.</span> <span class='ocrx_word' id='word_1_6' title='bbox 775 230 804 289; x_wconf 84' lang='lat' dir='ltr'>c.</span> <span class='ocrx_word' id='word_1_7' title='bbox 833 168 940 292; x_wconf 70' lang='lat' dir='ltr'>XIV.</span> <span class='ocrx_word' id='word_1_8' title='bbox 1022 169 1107 309; x_wconf 20' lang='lat'>[73</span> <span class='ocrx_word' id='word_1_9' title='bbox 1214 184 1216 194; x_wconf 10' lang='grc' dir='ltr'>ἵ</span> 
     </span>
    </p>
   </div>
   <div class='ocr_carea' id='block_1_2' title="bbox 61 368 1115 1046">
    <p class='ocr_par' dir='ltr' id='par_1_2' title="bbox 64 368 1110 476">
     <span class='ocr_line' id='line_1_2' title="bbox 64 368 1110 476; baseline 0 -19"><span class='ocrx_word' id='word_1_10' title='bbox 64 378 233 476; x_wconf 81' lang='lat' dir='ltr'>deinceps</span> <span class='ocrx_word' id='word_1_11' title='bbox 256 373 367 474; x_wconf 80' lang='lat' dir='ltr'>usque</span> <span class='ocrx_word' id='word_1_12' title='bbox 392 373 437 450; x_wconf 81' lang='lat' dir='ltr'>ud</span> <span class='ocrx_word' id='word_1_13' title='bbox 466 396 544 472; x_wconf 83' lang='lat' dir='ltr'>cap.</span> <span class='ocrx_word' id='word_1_14' title='bbox 574 368 686 452; x_wconf 84' lang='lat' dir='ltr'><strong>XIX.</strong></span> <span class='ocrx_word' id='word_1_15' title='bbox 718 376 756 451; x_wconf 91' lang='lat' dir='ltr'>in</span> <span class='ocrx_word' id='word_1_16' title='bbox 784 397 861 475; x_wconf 88' lang='lat' dir='ltr'>quo</span> <span class='ocrx_word' id='word_1_17' title='bbox 883 376 1110 476; x_wconf 83' lang='lat' dir='ltr'>triumphum</span> 
     </span>
    </p>

    <p class='ocr_par' dir='ltr' id='par_1_3' title="bbox 61 485 1115 1046">
     <span class='ocr_line' id='line_1_3' title="bbox 63 485 1113 586; baseline 0 -17"><span class='ocrx_word' id='word_1_18' title='bbox 63 495 108 569; x_wconf 84' lang='lat' dir='ltr'>de</span> <span class='ocrx_word' id='word_1_19' title='bbox 134 490 215 566; x_wconf 82' lang='lat' dir='ltr'>casu</span> <span class='ocrx_word' id='word_1_20' title='bbox 244 485 439 586; x_wconf 81' lang='lat' dir='ltr'>Babylonis</span> <span class='ocrx_word' id='word_1_21' title='bbox 464 509 506 560; x_wconf 79' lang='lat' dir='ltr'>ac</span> <span class='ocrx_word' id='word_1_22' title='bbox 531 488 728 563; x_wconf 82' lang='lat' dir='ltr'>meretricis</span> <span class='ocrx_word' id='word_1_23' title='bbox 762 511 903 586; x_wconf 84' lang='lat' dir='ltr'>magnae</span> <span class='ocrx_word' id='word_1_24' title='bbox 935 490 1039 567; x_wconf 60' lang='lat' dir='ltr'>senui</span> <span class='ocrx_word' id='word_1_25' title='bbox 1073 494 1113 569; x_wconf 89' lang='lat' dir='ltr'>in</span> 
     </span>
     <span class='ocr_line' id='line_1_4' title="bbox 63 593 1113 698; baseline -0.01 -14"><span class='ocrx_word' id='word_1_26' title='bbox 63 603 169 684; x_wconf 81' lang='lat' dir='ltr'>coelis</span> <span class='ocrx_word' id='word_1_27' title='bbox 191 614 347 677; x_wconf 80' lang='lat' dir='ltr'>canunt:</span> <span class='ocrx_word' id='word_1_28' title='bbox 379 598 480 698; x_wconf 90' lang='lat' dir='ltr'>quod</span> <span class='ocrx_word' id='word_1_29' title='bbox 500 593 686 674; x_wconf 79' lang='lat' dir='ltr'>Boffuetue</span> <span class='ocrx_word' id='word_1_30' title='bbox 713 598 758 674; x_wconf 90' lang='lat' dir='ltr'>de</span> <span class='ocrx_word' id='word_1_31' title='bbox 784 600 1113 679; x_wconf 71' lang='lat' dir='ltr'>vilioriubarbura.</span> 
     </span>
     <span class='ocr_line' id='line_1_5' title="bbox 64 706 1115 811; baseline -0.005 -17"><span class='ocrx_word' id='word_1_32' title='bbox 64 740 146 795; x_wconf 88' lang='lat' dir='ltr'>rum</span> <span class='ocrx_word' id='word_1_33' title='bbox 176 715 343 811; x_wconf 87' lang='lat' dir='ltr'>gentium</span> <span class='ocrx_word' id='word_1_34' title='bbox 374 710 591 809; x_wconf 84' lang='lat' dir='ltr'>excidioque</span> <span class='ocrx_word' id='word_1_35' title='bbox 616 706 744 788; x_wconf 82' lang='lat' dir='ltr'>Romae</span> <span class='ocrx_word' id='word_1_36' title='bbox 774 712 871 789; x_wconf 85' lang='lat' dir='ltr'>urbis</span> <span class='ocrx_word' id='word_1_37' title='bbox 901 736 965 811; x_wconf 86' lang='lat' dir='ltr'>per</span> <span class='ocrx_word' id='word_1_38' title='bbox 1002 714 1115 792; x_wconf 69' lang='lat' dir='ltr'>Alari-</span> 
     </span>
     <span class='ocr_line' id='line_1_6' title="bbox 61 822 1110 928; baseline 0.002 -24"><span class='ocrx_word' id='word_1_39' title='bbox 61 853 147 907; x_wconf 84' lang='lat' dir='ltr'>cum</span> <span class='ocrx_word' id='word_1_40' title='bbox 193 822 385 924; x_wconf 74' lang='lat' dir='ltr'>presertim</span> <span class='ocrx_word' id='word_1_41' title='bbox 415 827 701 928; x_wconf 81' lang='lat' dir='ltr'>interpretatur,</span> <span class='ocrx_word' id='word_1_42' title='bbox 741 839 784 904; x_wconf 90' lang='lat' dir='ltr'>ut</span> <span class='ocrx_word' id='word_1_43' title='bbox 803 822 902 906; x_wconf 74' lang='lat' dir='ltr'>,infru</span> <span class='ocrx_word' id='word_1_44' title='bbox 924 824 990 906; x_wconf 81' lang='lat' dir='ltr'>suo</span> <span class='ocrx_word' id='word_1_45' title='bbox 1023 827 1110 906; x_wconf 90' lang='lat' dir='ltr'>luco</span> 
     </span>
     <span class='ocr_line' id='line_1_7' title="bbox 63 940 384 1046; baseline -0.019 -28"><span class='ocrx_word' id='word_1_46' title='bbox 63 940 277 1019; x_wconf 77' lang='lat' dir='ltr'>videbimus.</span> <span class='ocrx_word' id='word_1_47' title='bbox 382 1043 384 1046; x_wconf 15' lang='grc' dir='ltr'>Ι</span> 
     </span>
    </p>
   </div>
   <div class='ocr_carea' id='block_1_3' title="bbox 41 1095 1218 3879">
    <p class='ocr_par' dir='ltr' id='par_1_4' title="bbox 41 1095 1218 3879">
     <span class='ocr_line' id='line_1_8' title="bbox 118 1095 1111 1201; baseline -0.002 -22"><span class='ocrx_word' id='word_1_48' title='bbox 118 1101 290 1200; x_wconf 75' lang='lat' dir='ltr'>Sequitur</span> <span class='ocrx_word' id='word_1_49' title='bbox 307 1123 340 1198; x_wconf 81' lang='lat' dir='ltr'>p.</span> <span class='ocrx_word' id='word_1_50' title='bbox 363 1115 450 1186; x_wconf 75' lang='lat'>505.</span> <span class='ocrx_word' id='word_1_51' title='bbox 471 1095 716 1198; x_wconf 78' lang='lat' dir='ltr'>recapitulatio</span> <span class='ocrx_word' id='word_1_52' title='bbox 732 1121 750 1173; x_wconf 83' lang='lat' dir='ltr'>a</span> <span class='ocrx_word' id='word_1_53' title='bbox 766 1120 841 1198; x_wconf 84' lang='lat' dir='ltr'>cap.</span> <span class='ocrx_word' id='word_1_54' title='bbox 859 1097 923 1179; x_wconf 89' lang='lat' dir='ltr'>IV.</span> <span class='ocrx_word' id='word_1_55' title='bbox 942 1099 1053 1201; x_wconf 78' lang='lat' dir='ltr'>usqne</span> <span class='ocrx_word' id='word_1_56' title='bbox 1066 1101 1111 1180; x_wconf 84' lang='lat' dir='ltr'>ad</span> 
     </span>
     <span class='ocr_line' id='line_1_9' title="bbox 57 1209 1115 1317; baseline 0.001 -29"><span class='ocrx_word' id='word_1_57' title='bbox 57 1211 154 1299; x_wconf 76' lang='lat' dir='ltr'>XX,</span> <span class='ocrx_word' id='word_1_58' title='bbox 169 1215 230 1290; x_wconf 92' lang='lat' dir='ltr'>ubi</span> <span class='ocrx_word' id='word_1_59' title='bbox 245 1209 463 1308; x_wconf 82' lang='lat' dir='ltr'>potifflmum</span> <span class='ocrx_word' id='word_1_60' title='bbox 479 1209 632 1306; x_wconf 84' lang='lat' dir='ltr'>explicat</span> <span class='ocrx_word' id='word_1_61' title='bbox 647 1212 712 1287; x_wconf 84' lang='lat' dir='ltr'>tria</span> <span class='ocrx_word' id='word_1_62' title='bbox 729 1233 800 1296; x_wconf 79' lang='lat' dir='ltr'>ve.</span> <span class='ocrx_word' id='word_1_63' title='bbox 819 1235 898 1317; x_wconf 88' lang='lat' dir='ltr'>quae</span> <span class='ocrx_word' id='word_1_64' title='bbox 914 1213 1115 1317; x_wconf 82' lang='lat' dir='ltr'>Apocalyp-</span> 
     </span>
     <span class='ocr_line' id='line_1_10' title="bbox 62 1319 1112 1427; baseline -0.009 -17"><span class='ocrx_word' id='word_1_65' title='bbox 62 1326 113 1409; x_wconf 81' lang='lat' dir='ltr'>lin</span> <span class='ocrx_word' id='word_1_66' title='bbox 135 1327 179 1405; x_wconf 87' lang='lat' dir='ltr'>ad</span> <span class='ocrx_word' id='word_1_67' title='bbox 204 1339 311 1422; x_wconf 84' lang='lat' dir='ltr'>caput</span> <span class='ocrx_word' id='word_1_68' title='bbox 334 1323 443 1426; x_wconf 82' lang='lat' dir='ltr'>usque</span> <span class='ocrx_word' id='word_1_69' title='bbox 470 1319 563 1405; x_wconf 87' lang='lat' dir='ltr'>XX.</span> <span class='ocrx_word' id='word_1_70' title='bbox 597 1323 824 1421; x_wconf 83' lang='lat' dir='ltr'>partiuntur,</span> <span class='ocrx_word' id='word_1_71' title='bbox 856 1326 1005 1427; x_wconf 89' lang='lat' dir='ltr'>eiusque</span> <span class='ocrx_word' id='word_1_72' title='bbox 1031 1350 1112 1403; x_wconf 85' lang='lat' dir='ltr'>orn-</span> 
     </span>
     <span class='ocr_line' id='line_1_11' title="bbox 61 1433 1117 1538; baseline 0 -25"><span class='ocrx_word' id='word_1_73' title='bbox 61 1463 125 1523; x_wconf 76' lang='lat' dir='ltr'>nes</span> <span class='ocrx_word' id='word_1_74' title='bbox 152 1453 269 1538; x_wconf 85' lang='lat' dir='ltr'>partes</span> <span class='ocrx_word' id='word_1_75' title='bbox 295 1440 387 1515; x_wconf 88' lang='lat' dir='ltr'>inter</span> <span class='ocrx_word' id='word_1_76' title='bbox 431 1433 463 1509; x_wconf 89' lang='lat' dir='ltr'>le</span> <span class='ocrx_word' id='word_1_77' title='bbox 490 1433 620 1513; x_wconf 75' lang='lat' dir='ltr'>vinctas</span> <span class='ocrx_word' id='word_1_78' title='bbox 654 1450 805 1521; x_wconf 86' lang='lat' dir='ltr'>tenent,</span> <span class='ocrx_word' id='word_1_79' title='bbox 850 1450 891 1512; x_wconf 89' lang='lat' dir='ltr'>ut</span> <span class='ocrx_word' id='word_1_80' title='bbox 933 1436 1016 1514; x_wconf 86' lang='lat' dir='ltr'>alibi</span> <span class='ocrx_word' id='word_1_81' title='bbox 1047 1463 1117 1513; x_wconf 85' lang='lat' dir='ltr'>no-</span> 
     </span>
     <span class='ocr_line' id='line_1_12' title="bbox 59 1545 1111 1644; baseline -0.001 -15"><span class='ocrx_word' id='word_1_82' title='bbox 59 1566 123 1633; x_wconf 77' lang='lat' dir='ltr'>tat</span> <span class='ocrx_word' id='word_1_83' title='bbox 185 1547 346 1629; x_wconf 83' lang='lat' dir='ltr'>Primum</span> <span class='ocrx_word' id='word_1_84' title='bbox 371 1549 531 1623; x_wconf 87' lang='lat' dir='ltr'>occurrit</span> <span class='ocrx_word' id='word_1_85' title='bbox 562 1569 628 1644; x_wconf 82' lang='lat' dir='ltr'>cap</span> <span class='ocrx_word' id='word_1_86' title='bbox 664 1545 763 1627; x_wconf 93' lang='lat' dir='ltr'>Vlll.</span> <span class='ocrx_word' id='word_1_87' title='bbox 812 1567 867 1637; x_wconf 82' lang='lat'>¹3.</span> <span class='ocrx_word' id='word_1_88' title='bbox 913 1546 1111 1629; x_wconf 86' lang='lat' dir='ltr'>secuudum</span> 
     </span>
     <span class='ocr_line' id='line_1_13' title="bbox 61 1652 1113 1764; baseline -0.001 -22"><span class='ocrx_word' id='word_1_89' title='bbox 61 1685 140 1762; x_wconf 78' lang='lat' dir='ltr'><strong>cap.</strong></span> <span class='ocrx_word' id='word_1_90' title='bbox 158 1657 227 1740; x_wconf 91' lang='lat' dir='ltr'>Xl.</span> <span class='ocrx_word' id='word_1_91' title='bbox 246 1660 314 1742; x_wconf 73' lang='lat' dir='ltr'>&amp;o</span> <span class='ocrx_word' id='word_1_92' title='bbox 332 1662 478 1741; x_wconf 84' lang='lat' dir='ltr'>tertium</span> <span class='ocrx_word' id='word_1_93' title='bbox 494 1681 571 1758; x_wconf 85' lang='lat' dir='ltr'>cap.</span> <span class='ocrx_word' id='word_1_94' title='bbox 593 1652 734 1739; x_wconf 86' lang='lat' dir='ltr'>XVlll.</span> <span class='ocrx_word' id='word_1_95' title='bbox 760 1680 816 1734; x_wconf 90' lang='lat' dir='ltr'>ro.</span> <span class='ocrx_word' id='word_1_96' title='bbox 841 1674 899 1736; x_wconf 79' lang='lat'>16.</span> <span class='ocrx_word' id='word_1_97' title='bbox 927 1685 981 1755; x_wconf 86' lang='lat'>¹9·</span> <span class='ocrx_word' id='word_1_98' title='bbox 1003 1664 1113 1764; x_wconf 83' lang='lat' dir='ltr'>idque</span> 
     </span>
     <span class='ocr_line' id='line_1_14' title="bbox 58 1767 1112 1870; baseline 0.004 -22"><span class='ocrx_word' id='word_1_99' title='bbox 58 1773 256 1861; x_wconf 81' lang='lat' dir='ltr'>ultimum,</span> <span class='ocrx_word' id='word_1_100' title='bbox 277 1772 338 1852; x_wconf 85' lang='lat' dir='ltr'>ulii</span> <span class='ocrx_word' id='word_1_101' title='bbox 356 1794 487 1870; x_wconf 85' lang='lat' dir='ltr'>nempe</span> <span class='ocrx_word' id='word_1_102' title='bbox 505 1767 632 1848; x_wconf 83' lang='lat' dir='ltr'>Rornae</span> <span class='ocrx_word' id='word_1_103' title='bbox 653 1771 750 1850; x_wconf 83' lang='lat' dir='ltr'>casus</span> <span class='ocrx_word' id='word_1_104' title='bbox 768 1772 918 1851; x_wconf 85' lang='lat' dir='ltr'>describi</span> <span class='ocrx_word' id='word_1_105' title='bbox 942 1774 1039 1850; x_wconf 85' lang='lat' dir='ltr'>vult:</span> <span class='ocrx_word' id='word_1_106' title='bbox 1063 1778 1112 1853; x_wconf 78' lang='lat' dir='ltr'>ite</span> 
     </span>
     <span class='ocr_line' id='line_1_15' title="bbox 61 1881 1111 1983; baseline -0.002 -19"><span class='ocrx_word' id='word_1_107' title='bbox 61 1886 225 1983; x_wconf 81' lang='lat' dir='ltr'>utpnni</span> <span class='ocrx_word' id='word_1_108' title='bbox 248 1885 392 1960; x_wconf 81' lang='lat' dir='ltr'>initiunt</span> <span class='ocrx_word' id='word_1_109' title='bbox 408 1906 427 1958; x_wconf 85' lang='lat' dir='ltr'>a</span> <span class='ocrx_word' id='word_1_110' title='bbox 443 1882 598 1968; x_wconf 88' lang='lat' dir='ltr'>Severo,</span> <span class='ocrx_word' id='word_1_111' title='bbox 617 1881 725 1959; x_wconf 89' lang='lat' dir='ltr'>finem</span> <span class='ocrx_word' id='word_1_112' title='bbox 747 1887 783 1962; x_wconf 90' lang='lat' dir='ltr'>in</span> <span class='ocrx_word' id='word_1_113' title='bbox 802 1882 946 1958; x_wconf 82' lang='lat' dir='ltr'>Valerio</span> <span class='ocrx_word' id='word_1_114' title='bbox 965 1885 1111 1962; x_wconf 82' lang='lat' dir='ltr'>statuat:</span> 
     </span>
     <span class='ocr_line' id='line_1_16' title="bbox 61 1993 1114 2096; baseline 0 -23"><span class='ocrx_word' id='word_1_115' title='bbox 61 1997 163 2081; x_wconf 89' lang='lat' dir='ltr'>unde</span> <span class='ocrx_word' id='word_1_116' title='bbox 183 1994 379 2073; x_wconf 83' lang='lat' dir='ltr'>secundum</span> <span class='ocrx_word' id='word_1_117' title='bbox 410 1993 579 2072; x_wconf 82' lang='lat' dir='ltr'>exorsum</span> <span class='ocrx_word' id='word_1_118' title='bbox 607 1993 842 2096; x_wconf 84' lang='lat' dir='ltr'>progreditur</span> <span class='ocrx_word' id='word_1_119' title='bbox 863 1994 907 2070; x_wconf 86' lang='lat' dir='ltr'>ad</span> <span class='ocrx_word' id='word_1_120' title='bbox 935 1993 1114 2073; x_wconf 83' lang='lat' dir='ltr'>Maxentil</span> 
     </span>
     <span class='ocr_line' id='line_1_17' title="bbox 47 2105 1114 2217; baseline -0.004 -28"><span class='ocrx_word' id='word_1_121' title='bbox 47 2110 295 2217; x_wconf 84' lang='lat' dir='ltr'>-aliorurnque</span> <span class='ocrx_word' id='word_1_122' title='bbox 320 2105 590 2206; x_wconf 84' lang='lat' dir='ltr'>persecutorum</span> <span class='ocrx_word' id='word_1_123' title='bbox 621 2105 834 2192; x_wconf 88' lang='lat' dir='ltr'>interitum,</span> <span class='ocrx_word' id='word_1_124' title='bbox 866 2107 1013 2207; x_wconf 84' lang='lat' dir='ltr'>quando</span> <span class='ocrx_word' id='word_1_125' title='bbox 1034 2110 1114 2186; x_wconf 91' lang='lat' dir='ltr'>ido·</span> 
     </span>
     <span class='ocr_line' id='line_1_18' title="bbox 59 2213 1112 2316; baseline 0 -17"><span class='ocrx_word' id='word_1_126' title='bbox 59 2221 204 2300; x_wconf 84' lang='lat' dir='ltr'>lolatria</span> <span class='ocrx_word' id='word_1_127' title='bbox 232 2216 427 2306; x_wconf 74' lang='lat' dir='ltr'>destrunt,</span> <span class='ocrx_word' id='word_1_128' title='bbox 468 2240 621 2316; x_wconf 87' lang='lat' dir='ltr'>regnum</span> <span class='ocrx_word' id='word_1_129' title='bbox 657 2213 817 2297; x_wconf 84' lang='lat' dir='ltr'>Ecclellae</span> <span class='ocrx_word' id='word_1_130' title='bbox 844 2219 1112 2298; x_wconf 81' lang='lat' dir='ltr'>constabilitum</span> 
     </span>
     <span class='ocr_line' id='line_1_19' title="bbox 59 2329 1192 2430; baseline 0 -20"><span class='ocrx_word' id='word_1_131' title='bbox 59 2334 136 2425; x_wconf 81' lang='lat' dir='ltr'>ell3</span> <span class='ocrx_word' id='word_1_132' title='bbox 168 2335 314 2408; x_wconf 86' lang='lat' dir='ltr'>tertium</span> <span class='ocrx_word' id='word_1_133' title='bbox 334 2354 423 2407; x_wconf 88' lang='lat' dir='ltr'>vero</span> <span class='ocrx_word' id='word_1_134' title='bbox 457 2329 718 2430; x_wconf 73' lang='lat' dir='ltr'>compleilatur</span> <span class='ocrx_word' id='word_1_135' title='bbox 738 2333 868 2430; x_wconf 86' lang='lat' dir='ltr'>quaevis</span> <span class='ocrx_word' id='word_1_136' title='bbox 896 2332 1112 2410; x_wconf 79' lang='lat' dir='ltr'>arelulcita-</span> <span class='ocrx_word' id='word_1_137' title='bbox 1191 2377 1192 2381; x_wconf 18' lang='grc' dir='ltr'><strong><em>κ</em></strong></span> 
     </span>
     <span class='ocr_line' id='line_1_20' title="bbox 63 2440 1114 2552; baseline 0.001 -30"><span class='ocrx_word' id='word_1_138' title='bbox 63 2461 101 2523; x_wconf 83' lang='lat' dir='ltr'>tu</span> <span class='ocrx_word' id='word_1_139' title='bbox 125 2443 327 2521; x_wconf 83' lang='lat' dir='ltr'>idololatria</span> <span class='ocrx_word' id='word_1_140' title='bbox 348 2465 411 2542; x_wconf 84' lang='lat' dir='ltr'>per</span> <span class='ocrx_word' id='word_1_141' title='bbox 438 2440 615 2519; x_wconf 84' lang='lat' dir='ltr'>lulianum</span> <span class='ocrx_word' id='word_1_142' title='bbox 645 2444 840 2552; x_wconf 75' lang='lat' dir='ltr'>epostarurn</span> <span class='ocrx_word' id='word_1_143' title='bbox 870 2457 1039 2521; x_wconf 84' lang='lat' dir='ltr'>attentata</span> <span class='ocrx_word' id='word_1_144' title='bbox 1059 2446 1114 2523; x_wconf 85' lang='lat' dir='ltr'>us·</span> 
     </span>
     <span class='ocr_line' id='line_1_21' title="bbox 62 2553 1113 2656; baseline 0.004 -24"><span class='ocrx_word' id='word_1_145' title='bbox 62 2582 135 2656; x_wconf 86' lang='lat' dir='ltr'>que</span> <span class='ocrx_word' id='word_1_146' title='bbox 153 2557 196 2633; x_wconf 85' lang='lat' dir='ltr'>ad</span> <span class='ocrx_word' id='word_1_147' title='bbox 222 2553 327 2631; x_wconf 85' lang='lat' dir='ltr'>tinem</span> <span class='ocrx_word' id='word_1_148' title='bbox 353 2558 411 2632; x_wconf 88' lang='lat' dir='ltr'>seu</span> <span class='ocrx_word' id='word_1_149' title='bbox 430 2558 671 2653; x_wconf 86' lang='lat' dir='ltr'>punitionem.</span> <span class='ocrx_word' id='word_1_150' title='bbox 731 2553 779 2630; x_wconf 82' lang='lat' dir='ltr'>ltu</span> <span class='ocrx_word' id='word_1_151' title='bbox 798 2571 916 2630; x_wconf 82' lang='lat' dir='ltr'>autem</span> <span class='ocrx_word' id='word_1_152' title='bbox 943 2553 1113 2637; x_wconf 87' lang='lat' dir='ltr'>Bullueto</span> 
     </span>
     <span class='ocr_line' id='line_1_22' title="bbox 62 2661 1129 2793; baseline 0.001 -48"><span class='ocrx_word' id='word_1_153' title='bbox 62 2668 131 2746; x_wconf 82' lang='lat' dir='ltr'>huc</span> <span class='ocrx_word' id='word_1_154' title='bbox 147 2668 248 2744; x_wconf 82' lang='lat' dir='ltr'>clave</span> <span class='ocrx_word' id='word_1_155' title='bbox 264 2670 386 2743; x_wconf 84' lang='lat' dir='ltr'>ornuia</span> <span class='ocrx_word' id='word_1_156' title='bbox 399 2667 501 2765; x_wconf 81' lang='lat' dir='ltr'>plana</span> <span class='ocrx_word' id='word_1_157' title='bbox 515 2667 594 2743; x_wconf 87' lang='lat' dir='ltr'>lunt</span> <span class='ocrx_word' id='word_1_158' title='bbox 613 2665 703 2750; x_wconf 84' lang='lat' dir='ltr'>vila,</span> <span class='ocrx_word' id='word_1_159' title='bbox 722 2661 762 2752; x_wconf 88' lang='lat' dir='ltr'>o)</span> <span class='ocrx_word' id='word_1_160' title='bbox 776 2683 815 2741; x_wconf 90' lang='lat' dir='ltr'>ut</span> <span class='ocrx_word' id='word_1_161' title='bbox 835 2667 1015 2743; x_wconf 82' lang='lat' dir='ltr'>historiam</span> <span class='ocrx_word' id='word_1_162' title='bbox 1033 2675 1129 2793; x_wconf 48' lang='lat' dir='ltr'>quis⁸</span> 
     </span>
     <span class='ocr_line' id='line_1_23' title="bbox 62 2777 1117 2880; baseline -0.007 -23"><span class='ocrx_word' id='word_1_163' title='bbox 62 2779 217 2880; x_wconf 78' lang='lat' dir='ltr'>fibiprae</span> <span class='ocrx_word' id='word_1_164' title='bbox 236 2779 350 2856; x_wconf 77' lang='lat' dir='ltr'>oculis</span> <span class='ocrx_word' id='word_1_165' title='bbox 380 2777 510 2854; x_wconf 82' lang='lat' dir='ltr'>habere</span> <span class='ocrx_word' id='word_1_166' title='bbox 532 2801 574 2855; x_wconf 86' lang='lat' dir='ltr'>ac</span> <span class='ocrx_word' id='word_1_167' title='bbox 607 2777 726 2874; x_wconf 87' lang='lat' dir='ltr'>legere</span> <span class='ocrx_word' id='word_1_168' title='bbox 764 2777 874 2852; x_wconf 88' lang='lat' dir='ltr'>videri</span> <span class='ocrx_word' id='word_1_169' title='bbox 906 2796 1022 2878; x_wconf 85' lang='lat' dir='ltr'>queat.</span> <span class='ocrx_word' id='word_1_170' title='bbox 1055 2783 1117 2858; x_wconf 85' lang='lat' dir='ltr'>Se.</span> 
     </span>
     <span class='ocr_line' id='line_1_24' title="bbox 62 2886 1116 2993; baseline 0.002 -24"><span class='ocrx_word' id='word_1_171' title='bbox 62 2909 231 2993; x_wconf 87' lang='lat' dir='ltr'>quuntur</span> <span class='ocrx_word' id='word_1_172' title='bbox 260 2893 295 2965; x_wconf 91' lang='lat' dir='ltr'>in</span> <span class='ocrx_word' id='word_1_173' title='bbox 339 2913 432 2966; x_wconf 82' lang='lat' dir='ltr'>novo</span> <span class='ocrx_word' id='word_1_174' title='bbox 464 2891 625 2966; x_wconf 87' lang='lat' dir='ltr'>editione</span> <span class='ocrx_word' id='word_1_175' title='bbox 661 2889 702 2964; x_wconf 80' lang='lat' dir='ltr'>de</span> <span class='ocrx_word' id='word_1_176' title='bbox 737 2886 882 2965; x_wconf 84' lang='lat' dir='ltr'>Excidio</span> <span class='ocrx_word' id='word_1_177' title='bbox 929 2887 1116 2982; x_wconf 74' lang='lat' dir='ltr'>Babylonis</span> 
     </span>
     <span class='ocr_line' id='line_1_25' title="bbox 65 2999 1113 3102; baseline -0.002 -21"><span class='ocrx_word' id='word_1_178' title='bbox 65 3004 162 3102; x_wconf 78' lang='lat' dir='ltr'>opud</span> <span class='ocrx_word' id='word_1_179' title='bbox 179 3003 212 3078; x_wconf 80' lang='lat'>8.</span> <span class='ocrx_word' id='word_1_180' title='bbox 231 3001 397 3078; x_wconf 80' lang='lat' dir='ltr'>Ioannem</span> <span class='ocrx_word' id='word_1_181' title='bbox 424 2999 738 3087; x_wconf 67' lang='lat' dir='ltr'>demonstrationes.</span> <span class='ocrx_word' id='word_1_182' title='bbox 799 2999 967 3093; x_wconf 75' lang='lat' dir='ltr'>Qua-runi</span> <span class='ocrx_word' id='word_1_183' title='bbox 987 2999 1025 3087; x_wconf 72' lang='grc' dir='ltr'>ὁ)</span> <span class='ocrx_word' id='word_1_184' title='bbox 1041 3007 1113 3102; x_wconf 79' lang='lat' dir='ltr'>pri-</span> 
     </span>
     <span class='ocr_line' id='line_1_26' title="bbox 62 3110 1112 3215; baseline 0.001 -22"><span class='ocrx_word' id='word_1_185' title='bbox 62 3139 122 3193; x_wconf 80' lang='lat' dir='ltr'>me</span> <span class='ocrx_word' id='word_1_186' title='bbox 154 3115 313 3213; x_wconf 74' lang='lat' dir='ltr'>longit,</span> <span class='ocrx_word' id='word_1_187' title='bbox 346 3131 387 3193; x_wconf 89' lang='lat' dir='ltr'>ut</span> <span class='ocrx_word' id='word_1_188' title='bbox 414 3114 578 3192; x_wconf 83' lang='lat' dir='ltr'>ostendat</span> <span class='ocrx_word' id='word_1_189' title='bbox 599 3110 775 3215; x_wconf 84' lang='lat' dir='ltr'>Babyloni</span> <span class='ocrx_word' id='word_1_190' title='bbox 807 3111 950 3190; x_wconf 85' lang='lat' dir='ltr'>loannis</span> <span class='ocrx_word' id='word_1_191' title='bbox 971 3115 1112 3194; x_wconf 86' lang='lat' dir='ltr'>nullum</span> 
     </span>
     <span class='ocr_line' id='line_1_27' title="bbox 67 3220 1117 3324; baseline 0 -19"><span class='ocrx_word' id='word_1_192' title='bbox 67 3227 139 3305; x_wconf 85' lang='lat' dir='ltr'>elle</span> <span class='ocrx_word' id='word_1_193' title='bbox 163 3227 316 3303; x_wconf 87' lang='lat' dir='ltr'>inditum</span> <span class='ocrx_word' id='word_1_194' title='bbox 349 3223 543 3311; x_wconf 83' lang='lat' dir='ltr'>Rouianae,</span> <span class='ocrx_word' id='word_1_195' title='bbox 575 3223 632 3302; x_wconf 85' lang='lat' dir='ltr'>seu</span> <span class='ocrx_word' id='word_1_196' title='bbox 659 3224 906 3324; x_wconf 86' lang='lat' dir='ltr'>cuiuscunque</span> <span class='ocrx_word' id='word_1_197' title='bbox 932 3225 1005 3304; x_wconf 83' lang='lat' dir='ltr'>aliae</span> <span class='ocrx_word' id='word_1_198' title='bbox 1022 3220 1117 3305; x_wconf 85' lang='lat' dir='ltr'>chri·</span> 
     </span>
     <span class='ocr_line' id='line_1_28' title="bbox 65 3336 1114 3439; baseline 0.006 -23"><span class='ocrx_word' id='word_1_199' title='bbox 65 3342 184 3417; x_wconf 83' lang='lat' dir='ltr'>stianae</span> <span class='ocrx_word' id='word_1_200' title='bbox 199 3336 357 3416; x_wconf 74' lang='lat' dir='ltr'>Ecclefiae</span> <span class='ocrx_word' id='word_1_201' title='bbox 377 3337 636 3431; x_wconf 73' lang='lat' dir='ltr'>charailerem3</span> <span class='ocrx_word' id='word_1_202' title='bbox 665 3361 734 3439; x_wconf 86' lang='lat' dir='ltr'>qua</span> <span class='ocrx_word' id='word_1_203' title='bbox 757 3336 802 3413; x_wconf 89' lang='lat' dir='ltr'>de</span> <span class='ocrx_word' id='word_1_204' title='bbox 829 3362 866 3413; x_wconf 86' lang='lat' dir='ltr'>re</span> <span class='ocrx_word' id='word_1_205' title='bbox 881 3361 990 3430; x_wconf 82' lang='lat' dir='ltr'>mox3</span> <span class='ocrx_word' id='word_1_206' title='bbox 1016 3365 1114 3422; x_wconf 82' lang='lat' dir='ltr'>nune</span> 
     </span>
     <span class='ocr_line' id='line_1_29' title="bbox 64 3448 1116 3551; baseline 0.002 -23"><span class='ocrx_word' id='word_1_207' title='bbox 64 3452 103 3529; x_wconf 90' lang='lat' dir='ltr'>id</span> <span class='ocrx_word' id='word_1_208' title='bbox 134 3449 360 3550; x_wconf 83' lang='lat' dir='ltr'>propolirum</span> <span class='ocrx_word' id='word_1_209' title='bbox 393 3450 467 3536; x_wconf 88' lang='lat' dir='ltr'>est,</span> <span class='ocrx_word' id='word_1_210' title='bbox 499 3449 600 3551; x_wconf 90' lang='lat' dir='ltr'>quod</span> <span class='ocrx_word' id='word_1_211' title='bbox 636 3449 789 3528; x_wconf 84' lang='lat' dir='ltr'>secunda</span> <span class='ocrx_word' id='word_1_212' title='bbox 808 3448 1116 3536; x_wconf 82' lang='lat' dir='ltr'>demonstratione</span> 
     </span>
     <span class='ocr_line' id='line_1_30' title="bbox 65 3558 1116 3662; baseline 0.002 -22"><span class='ocrx_word' id='word_1_213' title='bbox 65 3560 216 3640; x_wconf 83' lang='lat' dir='ltr'>conficit</span> <span class='ocrx_word' id='word_1_214' title='bbox 241 3559 429 3639; x_wconf 82' lang='lat' dir='ltr'>Bolluetus</span> <span class='ocrx_word' id='word_1_215' title='bbox 453 3561 498 3637; x_wconf 87' lang='lat' dir='ltr'>do</span> <span class='ocrx_word' id='word_1_216' title='bbox 525 3564 613 3638; x_wconf 87' lang='lat' dir='ltr'>urbe</span> <span class='ocrx_word' id='word_1_217' title='bbox 645 3558 789 3647; x_wconf 82' lang='lat' dir='ltr'>Roma,</span> <span class='ocrx_word' id='word_1_218' title='bbox 832 3562 973 3662; x_wconf 84' lang='lat' dir='ltr'>qualem</span> <span class='ocrx_word' id='word_1_219' title='bbox 1001 3566 1116 3650; x_wconf 86' lang='lat' dir='ltr'>modo</span> 
     </span>
     <span class='ocr_line' id='line_1_31' title="bbox 61 3672 1116 3780; baseline -0.001 -28"><span class='ocrx_word' id='word_1_220' title='bbox 61 3698 109 3752; x_wconf 84' lang='lat' dir='ltr'>ex</span> <span class='ocrx_word' id='word_1_221' title='bbox 133 3672 365 3750; x_wconf 80' lang='lat' dir='ltr'>Tertulliano</span> <span class='ocrx_word' id='word_1_222' title='bbox 381 3674 607 3759; x_wconf 83' lang='lat' dir='ltr'>audivimus,</span> <span class='ocrx_word' id='word_1_223' title='bbox 639 3694 832 3772; x_wconf 82' lang='lat' dir='ltr'>magnam,</span> <span class='ocrx_word' id='word_1_224' title='bbox 857 3697 974 3773; x_wconf 83' lang='lat' dir='ltr'>regno</span> <span class='ocrx_word' id='word_1_225' title='bbox 996 3677 1116 3780; x_wconf 74' lang='lat' dir='ltr'>luper-</span> 
     </span>
     <span class='ocr_line' id='line_1_32' title="bbox 41 3783 1218 3879; baseline -0.001 -15"><span class='ocrx_word' id='word_1_226' title='bbox 41 3787 170 3876; x_wconf 84' lang='lat' dir='ltr'><strong>·bam,</strong></span> <span class='ocrx_word' id='word_1_227' title='bbox 199 3801 236 3864; x_wconf 85' lang='lat' dir='ltr'>et</span> <span class='ocrx_word' id='word_1_228' title='bbox 253 3783 455 3865; x_wconf 67' lang='lat' dir='ltr'>nostorum</span> <span class='ocrx_word' id='word_1_229' title='bbox 475 3784 764 3879; x_wconf 80' lang='lat' dir='ltr'>debellatricem,</span> <span class='ocrx_word' id='word_1_230' title='bbox 795 3785 981 3869; x_wconf 78' lang='lat' dir='ltr'>militantis</span> <span class='ocrx_word' id='word_1_231' title='bbox 1009 3793 1118 3869; x_wconf 77' lang='lat' dir='ltr'>nimi·</span> <span class='ocrx_word' id='word_1_232' title='bbox 1213 3857 1218 3863; x_wconf 87' lang='lat'>.</span> 
     </span>
    </p>
   </div>
   <div class='ocr_carea' id='block_1_4' title="bbox 93 3893 1060 4140">
    <p class='ocr_par' dir='ltr' id='par_1_5' title="bbox 93 3893 1060 4140">
     <span class='ocr_line' id='line_1_33' title="bbox 93 3893 1060 4023; baseline -0.038 -3"><span class='ocrx_word' id='word_1_233' title='bbox 93 4010 98 4020; x_wconf 86' lang='lat'>.</span> <span class='ocrx_word' id='word_1_234' title='bbox 548 3893 575 3973; x_wconf 76' lang='grc' dir='ltr'>Ε</span> <span class='ocrx_word' id='word_1_235' title='bbox 611 3915 628 3990; x_wconf 81' lang='lat'>5</span> <span class='ocrx_word' id='word_1_236' title='bbox 975 3920 1060 4023; x_wconf 85' lang='lat' dir='ltr'>ruru</span> 
     </span>
     <span class='ocr_line' id='line_1_34' title="bbox 100 4047 639 4140; baseline -0.045 -4"><span class='ocrx_word' id='word_1_237' title='bbox 100 4058 139 4135; x_wconf 66' lang='grc' dir='ltr'>ί)</span> <span class='ocrx_word' id='word_1_238' title='bbox 164 4047 271 4127; x_wconf 70' lang='lat' dir='ltr'>wl</span> <span class='ocrx_word' id='word_1_239' title='bbox 295 4069 325 4140; x_wconf 66' lang='grc' dir='ltr'>Ρ·</span> <span class='ocrx_word' id='word_1_240' title='bbox 349 4067 419 4140; x_wconf 66' lang='lat'>291·</span> <span class='ocrx_word' id='word_1_241' title='bbox 464 4052 498 4133; x_wconf 73' lang='lat' dir='ltr'>b)</span> <span class='ocrx_word' id='word_1_242' title='bbox 514 4068 544 4138; x_wconf 67' lang='lat' dir='ltr'>p.</span> <span class='ocrx_word' id='word_1_243' title='bbox 566 4067 639 4133; x_wconf 58' lang='grc' dir='ltr'><em>Μ</em></span> 
     </span>
    </p>
   </div>
   <div class='ocr_carea' id='block_1_5' title="bbox 0 0 1258 4958">
    <p class='ocr_par' dir='ltr' id='par_1_6' title="bbox 0 0 1258 4958">
     <span class='ocr_line' id='line_1_35' title="bbox 0 0 1258 4958; baseline 0 1"><span class='ocrx_word' id='word_1_244' title='bbox 0 0 1258 4958; x_wconf 95' lang='lat' dir='ltr'> </span> 
     </span>
    </p>
   </div>
  </div>
 </body>
</html>
