2506 4958
286 308 343 353 ..ιιι
628 338 632 343 ,
802 318 806 325 “

107 358 119 367 ·
274 352 369 381 ·.““
609 346 674 397 J.
724 372 727 381 .

630 380 646 411 '0
909 396 916 409 e

113 526 200 613 ¹⁴⁴
482 480 813 599 munierum
913 454 916 459 ’

193 666 256 749 Sit
272 678 395 767 antem
418 662 554 767 septem
578 660 749 765 periodos
768 658 925 740 historie
952 656 1153 749 chriiiianae

88 780 298 881 ¹dispertit,
328 764 370 859 ut
397 782 552 879 primam
576 790 717 853 eutem
752 772 817 852 snb
849 771 964 873 smpp.
996 775 1153 859 ethnicis

108 890 290 995 usquead
315 908 480 991 tempora
498 886 726 969 Constantini
751 881 806 963 Μ.
828 888 1037 985 producat,
1068 912 1151 990 que.

107 1026 213 1105 capp
243 1000 314 1087 vi,
345 1018 382 1079 et
409 998 492 1079 vti.
519 1000 634 1101 apoc
662 994 898 1097 exipiimtur,
946 999 985 1074 in
1015 1004 1150 1098 quibus

107 1119 218 1195 mmm
248 1110 361 1213 hgiiia
386 1114 607 1214 aperiuntur.
665 1108 867 1187 Secundam
893 1108 1033 1185 etatem
1061 1118 1150 1195 aria-

10 1250 34 1275 ··
106 1226 227 1307 nismo
250 1224 379 1305 tribuit
404 1248 424 1299 a
448 1236 615 1323 tempore
638 1219 870 1301 Constantini
897 1218 952 1299 M.
978 1240 1043 1320 per
1063 1249 1151 1306 cen.

12 1350 23 1397 '·
105 1352 190 1421 tum
209 1360 339 1417 cnunc.
396 1332 560 1413 Tertiam
583 1335 695 1412 ruine
718 1329 846 1411 Rome
867 1333 1037 1411 tributam
1057 1339 1150 1419 inci.

31 1448 36 1471 ¹
105 1450 226 1555 pirah
240 1472 299 1529 un.
322 1456 416 1542 406.
435 1444 624 1525 dedndam
644 1466 710 1546 per
725 1463 816 1521 220.
837 1466 964 1521 aunon
1023 1445 1160 1545 Quat-⁸

104 1584 182 1643 tam
208 1586 231 1641 a
258 1558 473 1639 Mahomete
495 1576 657 1657 coeptam
690 1570 866 1655 prorogat
891 1558 937 1635 ah
960 1581 1018 1636 au.
1050 1573 1147 1644 620.

15 1680 48 1749 ··“.
105 1670 221 1777 nique
242 1690 359 1762 ipro.
384 1683 549 1771 tempora
570 1670 742 1747 nimirum
767 1664 1041 1749 Protestantium
1057 1678 1146 1777 ,qui

39 1814 74 1867 ·.·
104 1790 272 1889 quintam
297 1778 477 1883 epocham
502 1778 623 1859 adhuc
641 1780 892 1857 decurrentem
919 1784 1145 1867 constituunt

23 1886 43 1945 3
97 1896 218 2001 usque
240 1892 287 1987 ad
315 1892 449 1971 sextam
475 1890 653 1993 epocham
680 1889 1050 1973 militantiuhccieiie
1076 1920 1144 1999 pu·

20 2098 24 2105 ,
91 1992 331 2099 --ttrenam'iii
346 1999 544 2081 noriihmie
561 2002 790 2103 temporibus
809 2004 1029 2084 antichristi:
1045 2010 1144 2089 unde

26 2120 62 2223 ᾗ,
85 2118 146 2199 'in
171 2114 490 2197 consummatione
515 2112 621 2193 seculi
647 2112 804 2193 succedit
819 2114 966 2214 septima
980 2133 1062 2197 aetaa
1076 2118 1146 2205 Ec..

33 2224 45 2241 '
96 2226 217 2311 nene
241 2222 502 2331 mummia
529 2240 706 2307 aeternnm
737 2229 775 2305 in
804 2226 920 2305 coelic

218 2378 319 2470 Dum
356 2412 443 2465 vero
477 2386 511 2465 S.
551 2386 703 2465 ioannes
735 2382 774 2475 o)
804 2387 913 2466 fanus
944 2392 979 2467 in
1015 2382 1139 2491 spiritu

102 2503 221 2582 sedem
257 2499 405 2601 positam
442 2500 538 2575 videt
569 2515 605 2577 et
641 2500 741 2599 supra
776 2500 892 2577 sedeur
928 2501 1138 2594 sedentem,

100 2628 208 2714 atque
229 2617 265 2688 in
285 2611 406 2686 medio
426 2609 548 2685 throni
566 2627 702 2709 agnum
725 2612 872 2688 stantem
890 2630 1057 2714 tanquam
1075 2641 1139 2694 oc.

99 2726 232 2810 cisum,
251 2720 444 2798 habentem
463 2740 599 2799 cornua
619 2720 750 2821 septem
768 2733 805 2800 et
823 2725 952 2802 oculos
974 2725 1135 2826 septem,

98 2834 250 2940 perinde
280 2837 532 2933 interpretatus
566 2832 783 2911 Pastorinins
815 2834 858 2910 de
894 2836 1026 2936 septem
1066 2842 1135 2919 iilis

99 2949 294 3032 aetatibus,
338 2944 466 3046 quibus
494 2943 655 3023 Christus
681 2941 871 3023 Eccieharn
900 2952 994 3047 regit
1018 2951 1138 3029 ethic

99 3059 313 3138 militantem
331 3059 372 3133 'in
395 3070 561 3155 tempore
580 3070 687 3158 atque
713 3056 785 3135 iiiic
807 3075 979 3137 aetemum
1008 3065 1138 3139 trium-

98 3172 270 3274 phantem
288 3172 325 3246 in
344 3168 466 3255 coelis,
485 3167 578 3246 solus
596 3170 728 3266 diguus
750 3172 811 3269 qui
829 3168 981 3248 solveret
999 3167 1134 3252 librum

96 3300 135 3363 ct
153 3274 286 3382 septem
315 3278 493 3377 signacula
526 3282 601 3358 eius
630 3280 689 3356 seu
720 3278 839 3379 figiiia.
899 3278 1063 3373 sinidi,
1094 3283 1134 3373 b)

96 3394 190 3494 quod
205 3390 388 3492 uperurffet
402 3412 512 3487 ugnus
526 3411 635 3465 unum
653 3389 693 3465 de
706 3388 840 3488 sepiem
862 3389 998 3488 figiIIis.
1012 3454 1042 3471 ..
1089 3396 1134 3472 Ee

96 3526 171 3584 ecce
186 3527 292 3602 equus
310 3500 433 3590 uibus,
463 3514 498 3581 et
513 3504 576 3597 qui
588 3496 724 3596 sedebat
740 3501 845 3600 super
858 3500 959 3581 illum
985 3502 1135 3583 iubebat

95 3638 245 3706 areum,
290 3615 433 3692 titinio
458 3611 502 3703 eli
527 3608 561 3690 ei
585 3634 736 3703 corono,
784 3622 818 3692 et
840 3614 959 3693 exivit
985 3622 1132 3696 vincens

42 3808 46 3815 ,
95 3741 137 3806 ui
171 3732 356 3814 uinceret.
402 3725 565 3806 Christus
598 3727 769 3804 nimirum
798 3729 1007 3806 succurrens
1039 3731 1133 3807 miii-

95 3842 186 3917 tanti
212 3837 370 3919 hcciefie
400 3855 517 3938 regno
553 3838 617 3915 sun
650 3839 685 3914 in
719 3841 840 3926 terris,
871 3840 958 3917 dum
991 3840 1131 3943 primus

93 3951 244 4051 angelus
263 3953 348 4030 tuba
379 3955 532 4036 cecinit,
564 3968 599 4026 et
619 3940 654 4037 c)
668 3945 768 4048 fucit
790 3944 834 4042 est
849 3951 991 4048 grando
1018 3965 1052 4029 et
1074 3957 1131 4050 ig.

74 4064 151 4168 ¹nir
171 4064 288 4140 mixto
305 4067 344 4138 in
355 4060 532 4162 stinguine
553 4071 587 4138 ct
604 4059 741 4161 miffiim
764 4058 809 4152 eli
831 4064 1025 4142 interram
1049 4058 1126 4152 &a

1006 4176 1068 4255 Su

135 4330 175 4417 a)
194 4327 284 4413 spot·
307 4320 356 4394 ii.
380 4346 408 4394 a.
472 4327 507 4410 i>
527 4322 618 4409 spon
645 4325 694 4395 ii.
720 4347 748 4395 r.
803 4327 835 4409 c)
857 4329 968 4412 ippoc.
992 4329 1070 4399 vlit.
1095 4350 1123 4415 7.
