2506 4958
260 226 413 307 regnum
429 196 559 293 ebrius·
572 201 613 280 in
625 201 746 279 terris.
764 222 793 281 c.
808 198 917 281 XXI.
1025 228 1103 301 159

66 370 184 457 suerat
200 371 413 455 contentio,
444 368 524 468 quis
541 388 671 443 eorum
689 365 872 443 videretur
890 364 960 446 esse
976 372 1105 451 maior.

66 542 89 585 ,
111 480 163 565 Et
180 482 359 586 quidem,
382 482 457 576 (ait
480 474 650 579 postem)
665 497 924 577 cognoverunt
940 504 1005 581 per
1024 480 1108 560 Do-

65 656 89 697 „
116 600 263 675 minum
288 594 450 671 nostrum
478 589 591 669 lesum
616 589 829 678 Christum,
860 594 965 693 quod
983 594 1107 675 sutura

65 768 90 809 ,‚
115 706 206 789 esset
224 706 415 785 contentio
437 701 483 781 de
502 703 653 781 nomine
672 697 897 804 episcopatus
917 728 927 783 ε
957 708 1008 783 ob
1028 731 1109 789 eam

65 879 90 921 „
115 842 213 923 ergo
231 817 392 903 causam.
437 839 471 891 n.
494 834 559 908 44.
589 827 736 915 accepta
765 814 918 913 perseda
942 842 1110 920 praecog.

65 992 90 1031 „
116 936 264 1013 nitione
295 927 563 1008 constituerunt
591 924 831 1025 supradisios,
868 942 905 1005 et
936 930 1109 1033 deinceps

66 1104 90 1145 „
117 1046 253 1125 futura
268 1037 492 1120 successionis
506 1036 667 1145 regulum
686 1038 932 1129 tradiderunt,
964 1059 1004 1122 ut
1020 1066 1106 1139 cum

65 1216 91 1259 „
116 1158 173 1237 iiii
197 1152 433 1237 decederent,
486 1150 722 1228 ministerium
754 1174 885 1231 eorum
911 1176 953 1234 ac
974 1179 1109 1237 munus

69 1326 93 1369 ,
120 1270 185 1351 alii
209 1268 275 1345 siri
300 1265 444 1368 probati
471 1266 727 1365 excipereut'‚‚.

152 1424 211 1511 Ex
228 1426 263 1508 S.
277 1424 409 1528 Ignatii
430 1420 482 1503 Μ.
499 1423 656 1525 epistolis
674 1417 819 1503 difficile
839 1423 910 1514 eh,
941 1424 1109 1511 scledum

68 1542 207 1630 facere,
237 1563 322 1619 curn
339 1560 468 1616 omnes
486 1535 553 1614 hut
567 1538 611 1615 ad
628 1536 833 1615 hierarchiae
851 1537 951 1618 sacrae
964 1541 1111 1644 eiusque

69 1658 199 1761 ospitis
218 1652 377 1755 episcopi
396 1648 645 1727 autioritatem
672 1647 812 1728 aPatre
834 1668 1018 1754 acceptam
1044 1678 1111 1756 pet

70 1766 257 1851 Christum
281 1761 429 1863 (modo
454 1763 522 1839 iam
543 1759 665 1850 disto)
693 1760 970 1853 adstruendam,
1000 1778 1113 1867 atque

70 1902 118 1961 ex
137 1879 200 1961 sua
227 1876 369 1977 origine
392 1896 434 1953 ac
452 1872 615 1950 mishone
641 1886 682 1951 ut
710 1873 867 1951 divinam
897 1872 1113 1960 firmandam

70 1987 296 2095 compourae.
329 1988 364 2067 S.
388 1983 529 2086 Martyr
556 1985 728 2062 brevibus
753 1979 793 2074 u)
824 2006 901 2063 rem
933 1988 1109 2086 explicat,

71 2107 265 2209 inquiens:
296 2098 496 2195 „Christus
517 2094 628 2175 Patris
653 2096 703 2174 est
722 2095 913 2184 sententia,
944 2112 986 2176 ut
1003 2103 1111 2181 etiam

70 2274 95 2313 „
124 2214 286 2319 episcopi
309 2210 441 2293 Chriiii
468 2210 549 2287 sunt
566 2208 735 2288 sententia
756 2265 777 2303 „
823 2200 960 2311 wespa,
986 2211 1112 2312 regula

73 2332 250 2408 nimirum
285 2347 326 2405 ac
361 2346 514 2408 norma,
561 2344 668 2423 quam
705 2321 803 2424 sequi
837 2337 1017 2423 oportet,
1069 2338 1143 2403 ut''

72 2441 198 2547 possea
234 2437 387 2538 exponit
421 2459 463 2512 ac
504 2449 630 2512 monet
660 2458 695 2509 n.
736 2456 794 2525 5.:
841 2435 1110 2527 „Studeamus

73 2610 96 2648 „
126 2550 300 2653 episcopo
324 2572 400 2626 non
419 2544 594 2634 sehstere,
625 2562 666 2623 ut
691 2544 794 2624 fimus
813 2545 954 2624 subiesii
974 2546 1059 2626 Deo
1075 2604 1110 2641 „.

75 2664 234 2746 Etmox
259 2687 294 2739 n.
321 2674 357 2737 6.
401 2663 554 2736 iterum:
594 2655 867 2750 „Manifestum
892 2659 964 2745 est,
1007 2660 1112 2761 quod

73 2774 339 2878 „episcopum
378 2772 551 2871 respicere
585 2785 733 2869 oportet
762 2787 802 2848 ut
834 2768 949 2870 ipsum
979 2768 1115 2849 Domi-

72 2946 98 2986 „
128 2911 218 2967 num
237 2943 271 2979 ,‚.
307 2880 561 2983 Magnehanos
588 2884 681 2958 inter
708 2881 773 2958 asia
795 2896 948 2968 monet.
999 2883 1114 2961 subie-

76 3002 155 3081 sios
176 2996 245 3076 esse
265 2998 464 3100 episcopo,
509 3005 549 3069 nt
575 2989 727 3083 Christis
753 2990 881 3081 Patri,
917 3005 951 3070 et
972 2992 1116 3091 oposoh'
1235 3058 1239 3065 ,

78 3107 227 3201 chrisio.
287 3109 344 3188 Ad
370 3104 569 3187 Trasienses
602 3131 637 3183 n.
668 3126 702 3182 2.
734 3106 771 3183 in
796 3106 947 3184 eandem
976 3108 1117 3185 senten·
1237 3102 1240 3107 ’

74 3229 166 3307 tiam
199 3222 339 3301 scribit:
398 3278 420 3315 ,‚
440 3221 536 3298 Cum
566 3216 736 3318 episcopo
774 3218 918 3297 subieiii
957 3220 1036 3296 estis
1075 3235 1117 3300 ut

74 3394 102 3436 „
131 3335 208 3415 lesu
249 3332 419 3420 Christo,
474 3331 647 3407 videmini
681 3330 770 3407 mihi
803 3354 880 3408 non
917 3330 1116 3411 secundum
1185 3356 1188 3361 ·

72 3506 102 3547 ‚,
130 3448 323 3532 homines,
354 3443 411 3523 sed
431 3442 627 3521 secundum
650 3442 762 3521 iesum
783 3441 967 3521 Christum
986 3446 1114 3523 vivere.

74 3616 101 3659 „
134 3562 188 3639 Ad
209 3555 517 3661 Philadelphenses
538 3546 572 3631 n.
590 3575 624 3630 2.
664 3553 868 3654 Quotquot
889 3553 961 3633 Dei
982 3568 1018 3631 et
1041 3553 1119 3635 iesu

74 3732 101 3770 „
133 3672 264 3751 Christi
286 3670 390 3757 sunt,
422 3668 458 3745 hi
480 3668 559 3745 sunt
578 3689 661 3744 cum
685 3664 857 3768 episcopo
874 3723 907 3760 „.
966 3664 1119 3769 Semper

78 3784 216 3889 gradus
234 3784 372 3862 ordinis
387 3778 597 3859 hierarchici
612 3779 818 3879 distinguit.
834 3779 1012 3885 imprimis
1029 3803 1119 3861 vero

1010 3916 1067 3973 su·

124 4045 467 4139 a)8.13u.1d.ep.ad
485 4044 685 4130 sphenmz.
