2506 4958
240 251 401 327 >ragnum
429 215 559 320 carina·
573 229 614 310 in
629 230 748 308 territa
769 248 798 307 a.
817 226 1005 321 XXXIX
1043 214 1141 326 aaa

107 395 223 481 citat,
254 390 366 492 pleno
380 389 489 471 titulo
508 393 726 494 auspicatur:
756 447 779 485 ‚,
797 390 895 487 Quia
917 391 1044 473 divinae
1064 415 1150 493 pto·

106 562 132 603 „
156 503 328 583 'videntia
363 502 551 582 clementia
581 502 679 581 urbia
707 517 743 583 et
769 508 867 582 orbis
902 503 1148 604 gubernacula

107 673 134 717 „
161 633 347 704 tenemus,
378 620 480 692 iuxta
498 615 654 695 diversos
672 634 823 694 eventus
847 638 988 702 rerum,
1020 633 1057 696 et
1073 615 1149 694 suc·

108 787 135 828 „
163 725 335 810 cessiones
362 741 570 826 tempotum
600 727 700 806 sacro
727 730 880 829 imperio
908 746 944 804 er
972 729 1062 808 divae
1081 730 1149 805 rei·

111 899 137 939 „
168 840 322 942 publica
346 838 532 924 consulere
555 840 729 921 debemus
751 896 786 933 ‚,.
845 839 926 919 Noa
942 840 1002 917 hic
1018 837 1149 941 prate·
1179 906 1185 913 .

109 954 247 1041 timui,
277 976 356 1051 quae
377 949 575 1033 Fridericua
594 950 863 1040 enarrantis,
895 955 1004 1029 toties
1029 978 1047 1028 a
1066 951 1149 1029 Me·

112 1062 406 1150 diolanenfibus,
441 1087 534 1163 qnos
555 1079 655 1163 capta
693 1065 781 1145 urbe
805 1087 847 1140 ac
880 1064 1010 1141 deinde
1041 1068 1148 1147 etiam

113 1174 231 1257 excisa
261 1170 403 1276 peffirlte
426 1175 572 1262 habuit,
603 1175 736 1263 vidus,
766 1173 869 1274 gessit
893 1179 931 1251 in
956 1177 1149 1254 vastatione

112 1305 174 1368 tot
196 1288 339 1369 urbium
366 1285 491 1372 ltaiiae,
534 1288 636 1389 quod
661 1287 866 1365 dominium
897 1290 1076 1387 imprimis
1098 1287 1149 1364 as·
1234 1376 1240 1387 Ι

112 1399 290 1486 sedabat,
311 1400 456 1500 utrique
474 1399 677 1498 reipublicae
702 1400 802 1476 sacrae
825 1414 862 1476 et
884 1400 1067 1501 profana.
1108 1423 1151 1479 ac

114 1515 263 1613 utrique
290 1513 392 1616 genti
424 1509 552 1589 italica
574 1529 610 1592 et
641 1510 867 1594 Germanica
894 1513 1151 1613 perniciosum.

114 1623 270 1706 Novum
290 1646 445 1722 pomum
469 1624 589 1705 aridos
615 1625 651 1699 in
680 1623 751 1700 sera
781 1639 946 1726 tempora
969 1625 1038 1703 fuit
1065 1626 1153 1714 Sici·

112 1735 172 1814 lia
196 1758 371 1834 regnum,
402 1736 462 1812 cui
483 1738 639 1814 maxime
656 1734 814 1813 inhiabat
833 1739 941 1814 etiam
965 1733 1057 1814 filius
1074 1733 1151 1815 Fri·

114 1847 228 1927 derici
253 1846 431 1926 Heoricns
456 1844 520 1925 Vl.
551 1849 720 1947 quicum
744 1849 864 1924 minus
886 1870 994 1948 quam
1024 1871 1151 1948 parent

114 1956 329 2063 praesumere
346 1957 547 2047 videretur,
579 1974 732 2046 conatur
751 1956 987 2038 nihilominus
1008 1956 1148 2045 iuerat,

108 2074 310 2171 imperium
342 2069 604 2152 haereditarium
632 2067 790 2152 reddere.
861 2069 902 2150 ld
935 2066 1065 2171 quod,
1109 2082 1151 2150 ut

115 2182 321 2287 paulopost
339 2182 560 2270 videbimus,
581 2201 659 2262 tum
676 2184 872 2281 imperium
891 2172 1152 2261 Germanicum
1235 2268 1241 2287 ι

115 2294 235 2390 secum
268 2292 312 2372 ad
346 2297 485 2371 ruinam
512 2294 784 2396 propemodum
814 2296 850 2371 in
877 2317 1014 2393 magno
1039 2294 1151 2375 inter·

114 2432 234 2506 regno
252 2404 444 2509 praesertim
465 2406 665 2493 commisit,
692 2430 777 2485 cum
793 2410 898 2487 etiam
914 2404 1152 2484 sacerdotium

115 2536 154 2598 et
176 2522 393 2620 imperium:
431 2516 519 2596 dom
558 2517 745 2619 pontifices
771 2518 849 2619 ipso
874 2519 979 2596 huius
1006 2517 1157 2594 haeredi·

116 2637 215 2710 tariae
236 2628 459 2712 succesionis
480 2631 632 2709 obtento
658 2629 726 2707 sese
752 2647 948 2730 opponunt
964 2631 1002 2706 in
1020 2627 1155 2730 Philip·
1237 2680 1240 2685 ,

120 2765 174 2845 po
206 2758 243 2826 et
280 2741 465 2822 Friderico
486 2740 530 2819 ll.
559 2741 698 2821 familie
727 2737 1047 2828 Hoheostaufficae‚
1087 2738 1158 2818 Gi·

117 2854 285 2943 beliinae‚
329 2852 438 2938 Rom.
476 2846 649 2934 Eccrefia'
668 2853 825 2947 infestae3
870 2850 996 2930 incussa
1028 2853 1085 2953 spe
1117 2855 1154 2928 in

117 2965 303 3050 Fridarico
320 2965 347 3044 Ι.
379 2981 492 3043 matre
511 2963 678 3065 Guelpha
704 2981 807 3043 nato:
838 2963 964 3042 frustra
982 2966 1154 3042 nimirum

118 3080 220 3158 ferro
249 3078 342 3160 testae
367 3078 472 3156 misto
506 3076 662 3162 Damsl.
692 3091 755 3172 43.
787 3073 856 3155 Etfi
882 3098 969 3154 vero
997 3073 1158 3178 ipsa'lta-

119 3187 167 3269 lia
185 3188 277 3268 scissa
297 3187 381 3270 esset
397 3188 600 3290 Guelphica
620 3206 656 3268 et
677 3187 859 3270 Gibeilioa
875 3188 1053 3279 sadioue3
1082 3187 1160 3266 haec
1231 3182 1236 3192 ’

118 3316 243 3383 tameo
258 3301 499 3379 detestabilem
510 3301 542 3380 se
554 3302 684 3383 fecerat
696 3299 875 3382 iumentis
889 3301 1156 3390 exadionibua,

117 3413 402 3515 depopulatione
418 3437 459 3490 ac
473 3414 627 3494 violenta
644 3411 875 3515 oppressione
892 3414 1051 3506 urbium,
1070 3433 1158 3511 pto.-

97 3524 322 3606 ¹vincutum
355 3540 391 3602 et
415 3548 617 3625 regnorum
642 3520 915 3628 Langobardici
943 3539 980 3604 et
1005 3522 1158 3615 Sicilia.

118 3643 229 3722 etiam
255 3639 319 3717 sub
337 3634 501 3723 Henrico
529 3637 596 3719 Vl.

209 3846 328 3944 Quod
358 3873 445 3926 vero
476 3849 622 3928 schisma
643 3851 771 3927 attinet
790 3847 827 3926 in
856 3843 1009 3926 Ecciesra
1026 3844 1163 3926 Roma·
1242 3803 1244 3806 >

123 3983 171 4044 m
188 3960 405 4047 astiderico
425 3962 568 4055 sotum.
599 3963 706 4048 huius
728 3965 930 4067 pertinacia
951 3960 988 4041 id
1011 3960 1089 4149 ipse
1100 3959 1164 4034 tri·

1055 4085 1107 4149 ort
