2506 4958
226 247 380 325 regnum
398 217 529 314 ebrini
543 224 584 299 in
598 224 719 303 terris.
738 210 931 305 aarum.
1046 231 1098 324 '82

59 397 185 470 locum
211 390 343 467 habere
368 409 443 463 nnn
467 382 624 488 possunt.
683 382 963 467 Protellantiurn
987 413 1101 472 econ.

60 522 112 584 tra
138 507 255 604 quivis
278 505 315 577 in
339 500 372 576 se
391 498 548 598 suscepta
576 495 799 575 discussionis
822 504 979 600 propriae
1004 500 1100 584 obli.

57 618 230 716 gatione,
248 616 388 714 quasvis
408 613 618 688 variationes
639 609 833 712 disquirere
844 635 886 690 ac
902 614 1100 697 diiudicare

59 754 122 830 per
147 727 215 804 sese
235 725 493 822 obstringitur,
525 737 566 800 ut
588 721 723 810 ridear,
755 744 802 800 ne
824 723 969 815 lumen,
998 726 1103 831 quod

58 846 96 918 in
125 841 159 916 se
182 836 250 915 elle
270 851 396 936 putat,
427 836 583 913 tenebrae
608 832 696 912 lint:
740 858 853 924 nere,
898 836 986 916 durn
1008 841 1103 921 male

58 951 121 1028 fibi
141 950 307 1028 oculatus
334 947 477 1025 videtur
504 950 611 1048 quis,
644 947 793 1024 terribili
818 945 853 1025 se
880 945 939 1028 illa
968 950 1105 1034 Christi

59 1064 283 1160 constringat
295 1061 485 1138 sententia:
502 1056 540 1149 u)
558 1057 674 1150 scaci
688 1055 821 1158 effetis,
837 1083 907 1136 nnn
926 1060 1106 1146 habereiit

56 1187 247 1274 peccatum.
286 1172 393 1248 Nunc
409 1186 496 1248 veru
510 1171 651 1249 dicitis:
682 1175 768 1268 quia
786 1173 956 1254 uidemus.
1016 1174 1105 1256 Pec-

59 1299 178 1366 catum
206 1281 360 1373 aelirum
382 1294 512 1361 muner.
572 1282 690 1379 Quod
727 1283 897 1365 haslenue
932 1284 1106 1389 lugemus
1186 1344 1190 1363 .

59 1402 97 1477 in
126 1402 193 1486 iis,
224 1401 287 1498 qui
314 1397 498 1476 lucernam
528 1393 610 1474 fidei
625 1397 733 1498 super
756 1397 1012 1480 candelabrum
1035 1394 1105 1482 Ec·

59 1509 190 1599 clefiae.
222 1524 263 1588 ut
281 1509 424 1588 videant
444 1532 595 1596 omnes,
614 1513 678 1610 qui
693 1510 729 1585 in
749 1509 866 1589 domn
893 1511 996 1602 sunt,
1026 1538 1106 1594 cer·

62 1647 148 1701 nere
172 1622 329 1707 nolunt,
367 1631 402 1697 et
425 1644 496 1698 nun
521 1632 670 1716 egerunt
686 1624 934 1716 penitentiam
957 1622 1002 1703 ab
1024 1640 1105 1725 ope.

60 1732 160 1813 ribus
177 1734 271 1829 suis,
302 1730 340 1820 n)
355 1735 393 1808 in
418 1728 607 1809 Ecclesiam
632 1729 725 1819 Dei,
755 1730 790 1822 c)
811 1757 921 1835 quarn
946 1735 1105 1827 Christus

62 1847 213 1935 dilexit,
233 1856 267 1921 er
281 1842 449 1941 seipsum
468 1841 621 1919 tradidit
632 1855 702 1940 pro
718 1865 780 1933 ea,
809 1855 850 1920 ut
862 1845 960 1923 ilium
970 1851 1105 1947 janula

50 1960 203 2058 ficeret,
234 1956 408 2032 mundans
430 1953 579 2031 lavucro
608 1978 705 2051 uquae
724 1957 764 2031 in
782 1953 892 2035 verbo
922 1962 1034 2049 vite.
1063 1967 1106 2040 ur

63 2070 244 2149 exhiberet
263 2065 335 2164 ipse
358 2063 422 2158 fini
445 2064 643 2165 gloriosum
667 2064 849 2156 Ecclesium
871 2090 943 2146 non
973 2069 1106 2150 haben.

62 2196 134 2262 tem
148 2178 343 2266 maculam,
375 2189 439 2255 aut
458 2200 614 2275 rugum.
641 2189 713 2255 aut
727 2178 867 2278 aliquid
882 2181 1103 2265 huiusmodi}

54 2295 124 2397 sad
152 2305 191 2370 ut
209 2290 256 2386 fir
272 2290 398 2387 sanita
426 2298 470 2366 'et
500 2289 738 2369 immaculata.
798 2288 903 2373 Nihil
925 2318 1004 2375 uon
1026 2299 1105 2398 egit

64 2412 122 2508 pia
151 2406 227 2483 haec
247 2420 361 2481 mater
379 2400 530 2483 Ecclesia
555 2403 601 2483 ad
626 2404 846 2483 revocandas
872 2406 995 2487 seculo
1029 2409 1105 2490 hoc

63 2517 173 2599 XVI.
205 2521 240 2594 in
260 2516 358 2594 ovile
380 2515 632 2606 dominicum,
662 2515 751 2596 dum
771 2530 832 2595 tot
850 2541 892 2597 ac
913 2533 1034 2598 tantos
1062 2519 1107 2601 fi..

62 2634 99 2710 bi
130 2630 356 2708 constituunt
373 2626 567 2728 peculiares
591 2651 747 2728 greges,
775 2630 978 2710 aberrantes
1006 2641 1111 2714 oven'

63 2742 296 2823 Celebratunr
310 2740 403 2816 hanc
418 2741 468 2814 ob
485 2739 624 2817 causam
646 2740 715 2817 fuit
733 2741 901 2839 generale
921 2742 1108 2822 Tridenti-

62 2876 155 2933 num
182 2851 399 2938 concilium,
430 2849 532 2951 quod
548 2850 764 2937 inchoatum
793 2876 849 2931 an.
885 2874 1001 2950 ¹545·
1044 2856 1109 2935 dc·

63 2989 168 3047 nrum
187 2984 241 3042 an.
268 2975 345 3055 156
351 2981 384 3050 3.
414 2963 497 3063 post
523 2976 581 3042 tot
604 2987 724 3043 rerum
747 2964 950 3045 discrimina
975 2983 1012 3046 et
1031 2990 1108 3048 maa

64 3085 164 3157 xima
202 3074 382 3154 obstacula
425 3073 667 3179 undequaque
704 3073 775 3154 sese
809 3080 1015 3179 ingerentia
1046 3080 1111 3158 ali-

65 3189 215 3293 qnando
238 3191 344 3266 etiam
376 3188 639 3289 interruptum,
667 3199 774 3290 atque
800 3186 969 3271 aliorsum
993 3205 1110 3272 trans·

66 3301 180 3380 latum
193 3352 204 3390 ,
236 3298 475 3402 pluribusque
496 3299 701 3403 suspensum
724 3305 853 3393 anuis,
871 3302 1023 3383 feliciter
1047 3303 1113 3381 ab·

67 3413 248 3492 solutum:
270 3411 373 3514 quod
393 3416 486 3488 inter
512 3412 745 3492 celeberrima
774 3413 941 3516 profesio
966 3432 1111 3496 connu-

68 3523 283 3603 merandum
310 3527 475 3602 rixante
503 3524 540 3603 se
566 3524 715 3618 habuit,
742 3547 812 3608 uec
837 3526 940 3609 facile
965 3529 1052 3633 post
1073 3527 1112 3610 se

69 3637 254 3738 relinquet
276 3637 472 3737 augustius.

548 3792 634 3880 Fa
694 3835 702 3849 =
950 3792 1059 3886 aar

111 3937 147 4015 n)
169 3931 250 4000 loan.
271 3929 328 4000 ils.
351 3950 401 4012 4¹·
464 3930 502 4019 i)
520 3937 613 4020 ipae.
636 3924 719 4004 xli.
745 3944 796 4007 rti

111 4026 144 4102 c)
167 4020 241 4102 Eph.
266 4020 302 4086 v.
327 4026 378 4087 26·
399 4020 457 4086 διο.
