2506 4958
247 232 398 310 regnum
429 203 557 302 causti
584 215 769 291 irriseris.
800 239 828 334 c.
854 213 1005 343 Xlsss·
1067 224 1142 305 1'69

68 381 79 443 t
125 366 189 463 sat.
226 396 269 451 ac
293 372 460 472 elargiri,
490 387 533 450 ut
556 366 670 473 palam
695 373 736 452 fit
759 398 805 451 ex
826 376 970 475 epillola
997 375 1143 478 Diony·

64 495 70 544 i
119 484 155 565 ii
191 484 364 567 Corinthi
401 484 504 584 episc.
541 487 584 562 nd
622 487 784 563 Soterem
821 487 856 564 P.
905 487 1000 588 apud
1040 485 1144 566 Euse-

98 594 285 687 mamm:
313 594 609 673 consuetudinem
634 597 725 674 hanc
749 655 771 690 ,‚
801 599 869 673 iam
892 602 976 699 inde
998 602 1043 677 ab
1066 600 1142 699 ipso

110 764 135 803 ‚
160 708 351 807 religionis
383 708 537 784 exordio
571 706 687 784 fuisse:
726 726 793 794 ut,
825 714 974 806 pergit,
1015 712 1139 789 iratres

107 876 133 915 „
160 843 293 899 omues
319 823 416 899 vario
441 818 696 897 beneficiorum
728 843 861 917 genere
887 819 1069 910 afficiatis.
1107 839 1143 900 et

107 988 134 1025 ‚,
161 920 327 1023 eeclesiis
345 953 451 1029 quam
483 931 670 1027 plurimis,
699 955 777 1031 quae
804 933 841 1006 in
867 931 1013 1030 singulis
1047 934 1143 1010 urbi-

105 1098 132 1138 „
161 1045 231 1121 bus
270 1040 469 1118 constituta
510 1040 615 1127 sunt,
654 1040 837 1127 necessaria
875 1048 953 1120 vitre
995 1042 1141 1131 subsidia

103 1210 135 1248 „
162 1151 423 1236 transmittatis,
453 1167 489 1231 et
516 1152 584 1229 hac
605 1159 743 1230 ratione
763 1168 842 1230 tum
871 1157 1036 1253 gentium
1061 1158 1141 1232 ino·

107 1321 135 1359 „
162 1267 259 1366 piam
281 1261 494 1350 sublevetis,
524 1277 600 1339 tum
627 1265 816 1350 iratribus,
830 1268 910 1366 qui
933 1272 970 1342 in
991 1266 1138 1344 metallis

107 1373 1137 1585 ἣυξρῖῗοξξιιιιὲῗξοοἳῐῗιῇῐὲυᾞῖῗιῗιξιιῗὲιῖείὶαῑυῖιοὲζε
1229 1485 1231 1490 ’

111 1596 321 1696 largitiones
344 1593 496 1674 ecclesie
523 1597 743 1679 Romanae
732 1622 769 1676 m
796 1597 936 1702 Syriam
965 1599 1027 1700 uqs
965 1624 1079 1680 uue
1106 1616 1142 1679 et

111 1708 279 1790 Arabiam
304 1705 530 1811 permanasse.

193 1896 333 1982 Obiicit
359 1898 522 1980 Caecilius
544 1899 637 1999 apud
662 1899 860 1979 Minatium
889 1915 1133 2003 paupertatem

110 2010 326 2098 christianis,
358 2035 464 2112 quam
489 2029 607 2088 tamen
630 2010 805 2088 christiani
829 2014 886 2089 alii
910 2013 1035 2091 divites
1059 2014 1140 2092 sub·
1151 2080 1164 2103 ,

109 2120 231 2211 levare
256 2136 432 2252 poterant
496 2126 629 2201 Arce
621 2148 657 2198 m
686 2123 918 2250 apologetico
949 2123 1138 2206 Tertullia

110 2259 182 2315 uus
207 2238 391 2319 meminit,
420 2237 456 2310 in
489 2259 594 2333 qua„
609 2234 787 2314 modicam
812 2241 1058 2337 unusquisque
1086 2239 1142 2315 iti-

110 2369 247 2446 „pem
274 2347 450 2427 menstrua
488 2347 569 2431 die,
590 2346 644 2421 vel
672 2369 755 2424 cum
795 2347 898 2435 velit,
924 2348 983 2424 etsi
1024 2349 1137 2426 modo

109 2514 134 2552 „
164 2454 291 2559 poffit,
322 2461 496 2556 apponit:
530 2481 610 2533 nam
649 2481 759 2535 nemo
797 2459 1049 2559 compellitur,
1081 2461 1138 2537 sed

111 2568 291 2669 „sponte
329 2568 479 2645 consere.
538 2567 625 2648 Haec
664 2568 760 2668 quali
799 2570 954 2670 deposita
1001 2574 1138 2670 pietatis

111 2735 136 2790 φ
166 2678 270 2772 sunt3
314 2705 395 2756 nam
430 2679 512 2755 inde
545 2704 621 2754 non
659 2681 795 2776 epulis.
828 2705 904 2757 non
940 2683 1140 2780 potaculis,

114 2848 138 2891 a>
167 2814 233 2869 nec
259 2794 407 2891 ingratis
432 2793 621 2868 voratrinis
664 2789 904 2892 dispensatur,
932 2793 989 2869 sed
1020 2795 1142 2891 egenis

112 2958 137 3002 2,
166 2901 343 2998 alendis„

176 3093 387 3174 ,Ecclesiam
427 3098 549 3195 primis
591 3116 740 3196 quoque
782 3093 905 3173 seculis
949 3092 1012 3172 sub
1052 3094 1141 3171 statu

114 3204 232 3307 presso
247 3207 394 3284 mobiles
411 3231 485 3282 non
504 3206 713 3294 soluentes,
743 3219 779 3283 et
795 3206 1004 3294 facultates,
1028 3206 1089 3285 ‘sed
1107 3220 1144 3282 et

114 3317 320 3399 immobiles
341 3315 516 3403 habuisse,
539 3318 591 3393 vel
606 3319 690 3395 inde
705 3320 862 3405 constat,
894 3317 994 3422 quod
1015 3312 1058 3393 ab
1077 3320 1143 3391 inl·

116 3431 217 3509 micis
231 3445 267 3506 et
284 3429 567 3528 persecutoribus
591 3432 867 3528 imperatoribus
891 3428 974 3505 fisco
998 3427 1142 3504 audiun

113 3538 206 3629 sinn
234 3563 312 3643 quae
327 3540 478 3617 aliorum
495 3557 612 3614 tamen
636 3542 894 3638 imperatorum
914 3540 1139 3637 indulgentia

124 3668 226 3729 erant
243 3649 424 3750 permissae.
481 3649 606 3726 Veluti
631 3651 830 3726 Alexander
855 3652 1005 3727 Severus
1030 3672 1139 3750 quem
1188 3685 1196 3699 ·

115 3765 225 3845 etiam
253 3766 289 3841 in
309 3763 437 3844 larario
462 3761 524 3842 suo
547 3760 731 3850 Christum
757 3759 902 3849 coluisse
918 3758 1144 3861 Lampridius

590 3869 622 3951 L
656 3893 673 3962 s
743 3946 746 3955 ,
1010 3871 1093 3951 scri-

154 4027 189 4106 a)
215 4025 265 4090 lib.
286 4025 336 4092 ll'.
361 4045 387 4092 c·
413 4043 461 4107 aa.
504 4024 601 4109 illl).
628 4023 650 4091 l.
674 4023 776 4092 vise
803 4044 836 4101 μ
