2512 4620
235 254 387 333 regnum
410 225 540 319 coriti
554 229 593 304 in
618 229 737 308 terris.
753 251 780 308 r.
798 226 961 313 XXXV.
1029 250 1108 326 ιο,

69 421 171 476 mam
194 395 352 496 perdunt
371 418 456 472 cum
484 390 643 476 Romani
667 393 807 493 imperii
834 392 991 494 reliquiis
1012 394 1103 488 iltis,

70 535 161 612 quas
190 508 344 584 necdum
380 505 608 606 perdiderant
641 503 774 580 horum
807 508 913 580 etiam
948 507 1104 591 anteces-
1227 598 1238 625 t

69 621 170 700 sores
197 619 399 704 christiani,
433 617 580 717 perinde
607 639 647 692 ae
665 614 802 693 ethnici
822 616 1103 701 christianae‘or.

69 733 245 814 thodoxss
274 729 355 806 fidei
400 729 517 805 hostes
555 727 748 828 annulique
780 731 818 803 in
847 729 1102 833 persequendis

68 847 193 924 sanclis
209 888 245 929 ,-
271 846 332 942 qui
365 841 427 919 sub
455 832 602 917 throno'
623 837 696 916 Dei
734 839 889 918 clamant
913 844 1101 947 quotidie:
1158 864 1164 882 ¹

70 957 246 1063 ufqrrrquo
273 952 343 1034 non
370 952 531 1030 vindicus
541 953 757 1049 sanguinem
784 948 940 1042 mileum·
957 954 1030 1037 &u

153 1168 243 1247 Non
278 1165 340 1243 diu
382 1169 419 1241 in
458 1163 611 1245 Oriente
643 1163 870 1246 conservatus
899 1167 948 1246 eil
974 1166 1103 1248 honor

71 1282 289 1379 imaginibus
305 1279 505 1356 fundorum
522 1279 755 1364 deferendus,
775 1300 829 1354 an.
853 1290 946 1366 818.
969 1272 1100 1358 aLe'o·

69 1419 116 1472 ne
145 1396 304 1469 Armeno
332 1390 517 1467 Michaelis
537 1389 766 1488 Curopalatis
798 1376 1003 1470 succellore'
1022 1393 1100 1471 ico·

72 1505 273 1583 nomachiae
296 1501 529 1579 addidiihmo
551 1501 724 1580 subintus:
745 1504 950 1604 iterumque
963 1507 998 1581 iu
1017 1527 1099 1582 mu·

69 1616 208 1694 nachos
237 1615 426 1714 praelenim
454 1614 623 1691 conversa
642 1614 691 1690 est
714 1615 943 1711 persecutio:
967 1619 1003 1690 in
1023 1639 1100 1719 que

68 1728 219 1826 insignia
237 1729 411 1826 imprimis
427 1725 586 1824 trophaea
600 1722 837 1802 invidillimus
851 1726 956 1801 abhas
973 1726 1098 1804 Theo.

68 1841 182 1918 dorus
210 1839 374 1923 Studio,
405 1835 493 1912 alios
524 1839 630 1911 etiam
654 1835 742 1912 fidei
776 1832 996 1941 eoniell‘ores
1018 1837 1098 1915 h'te.

67 1957 116 2031 ris
141 1954 185 2029 ad
212 1951 442 2027 constantiam
469 1951 650 2034 animans,
690 1944 877 2047 ipsumque
903 1950 1096 2048 imperato·

67 2087 158 2147 rem,
173 2062 302 2160 spreto,
320 2063 368 2137 ob
381 2062 515 2160 dogma
532 2062 599 2134 iam
616 2057 783 2136 sententia
798 2058 942 2138 concilii
958 2086 1096 2145 aecum.

67 2194 169 2252 extra
186 2171 466 2252 controversiam
489 2170 657 2271 positum,
678 2170 811 2252 indsuo
831 2173 1043 2274 congreliu,
1060 2176 1097 2256 S.

67 2287 215 2371 loannis
251 2285 462 2369 Danselceni
499 2284 572 2366 fere
616 2288 735 2372 verbis
775 2287 888 2386 paulu
917 2304 1017 2373 antea
1048 2290 1098 2366 al·

66 2398 145 2475 latis
165 2399 363 2474 allocutus:
399 2398 497 2489 „Ne
518 2413 631 2476 tentes
654 2398 910 2499 oimperatorl
938 2400 1097 2480 ecclefia-

66 2567 89 2602 „
119 2513 243 2592 sticum
276 2512 402 2585 ilatum
437 2509 629 2587 dillolvere.
690 2512 749 2588 hir
770 2516 866 2589 enim
890 2515 1097 2614 apollolustz

66 2680 89 2715 „
120 2621 309 2714 Quosdam
332 2623 612 2720 quidem'pul'uit
629 2625 839 2720 apostolos,
859 2625 989 2703 deinde
1006 2651 1095 2726 pro·

67 2790 90 2827 „
121 2735 265 2833 phetas,
296 2738 403 2810 tertio
422 2738 576 2833 pallores
597 2751 631 2808 et
659 2733 827 2811 dodones
845 2736 892 2810 ad·
907 2738 1093 2833 perfodio-

67 2902 91 2938 „
120 2871 203 2921 nem
224 2844 432 2922 sauciorum.
483 2846 569 2921 Non
592 2845 699 2930 dixit,
732 2870 847 2944 teges.
891 2847 1095 2948 Tibi-oui·-

65 3014 89 3050 ,‚
121 2961 203 3033 dem
216 2959 261 3042 ol
274 2960 485 3056 imperator,
504 2958 613 3033 civilis
630 2958 733 3034 status
746 2974 781 3033 et
797 2961 975 3036 exereitus
991 2983 1094 3036 com·

66 3126 90 3161 „
121 3068 240 3145 millus
261 3070 326 3144 eil:
358 3071 433 3144 haec
460 3061 568 3165 igitur
594 3091 706 3161 cura;
759 3067 948 3147 Eccleiium
971 3088 1096 3149 autem

65 3237 89 3273 „
119 3183 316 3281 palloribus
341 3196 376 3256 et
395 3182 624 3266 durioribus,
656 3197 696 3257 ut
717 3183 766 3255 ait
789 3182 995 3279 apostolus,
1032 3185 1095 3259 de·

66 3349 89 3384 „
121 3292 295 3391 tel-inque,
368 3294 412 3368 At
437 3291 460 3366 ss
489 3316 562 3366 non
593 3295 642 3368 uis
674 3293 745 3368 hoc
774 3296 920 3372 lacere:
966 3294 996 3370 li·
1014 3298 1098 3396 quis

66 3460 89 3495 2,
121 3404 361 3503 pervertenda
387 3402 464 3483 fidei
490 3405 616 3479 nostrae
649 3403 748 3480 sauia
774 3406 912 3504 aliquid
926 3408 971 3482 de
994 3408 1097 3484 coelo

66 3571 89 3607 ‚‚
121 3519 223 3592 nohis
250 3520 530 3599 annuntiaverit,
551 3515 665 3613 ipsum
681 3539 757 3592 non
777 3519 961 3595 audiemus
976 3544 993 3612 3·
1018 3535 1096 3596 tan·

65 3683 89 3719 ‚,
116 3643 193 3703 tum
214 3626 334 3712 abest,
365 3644 404 3702 ut
426 3645 460 3702 te
481 3627 637 3705 audituri
659 3626 763 3705 fimus
781 3684 817 3720 „.
875 3629 1016 3708 Necato
1036 3657 1094 3711 arr.

68 3750 159 3823 820,
191 3736 306 3815 Leoni
351 3739 513 3818 Armeno
549 3737 705 3817 lucceffit
738 3739 897 3817 Michael
931 3740 1094 3831 Balbus,

65 3856 129 3950 qui
158 3855 277 3940 (most
306 3849 431 3931 Leone
467 3851 589 3930 faeviur
617 3851 763 3929 futurus
795 3856 845 3928 uti
875 3857 983 3930 etiem
1005 3858 1096 3933 lilius

65 3967 142 4041 eius
170 3961 425 4061 Theophilus,
473 3967 665 4039 renitentes
692 3986 842 4064 quoque
877 3965 1097 4068 exquihtilli·

541 4073 576 4150 U
610 4091 627 4160 3
975 4082 1039 4153 mis
