2506 4958
260 242 413 322 regnum
444 216 574 313 etrite·
588 221 641 313 ,in
669 188 789 300 terrie.
821 244 849 302 c.
877 218 943 302 Vs.
1100 246 1152 320 ις

111 468 1153 494 mum-Q-ae—--t-—v'mm-u*

437 601 690 683 Curua
760 600 837 681 Vl.

107 765 320 847 Primatum
341 761 494 843 Petrum
522 767 772 865 interpretatio
786 769 825 842 in
851 762 1156 865 nosramsenten-

106 884 194 959 tium
229 880 273 957 de
304 876 447 973 Ecclefio
478 876 656 955 militante
684 902 793 976 regno
817 872 947 969 Chresti
969 882 1009 955 in
1027 883 1154 959 terris.

106 1002 271 1181 Probe,
301 1041 497 1143 quodiam
524 1043 759 1128 notavimus,
792 1040 1054 1118 observandum
1080 1042 1156 1131 est,

189 1155 392 1232 doctrinam
430 1153 475 1230 de
502 1177 620 1252 regno
652 1151 782 1230 Christi
813 1152 1040 1239 millenatio,
1073 1177 1156 1256 quae

107 1286 275 1368 tempore
300 1258 596 1365 persecutionum
614 1267 738 1363 primis
758 1261 919 1342 Ecclesrae
939 1263 1064 1341 seculis
1086 1267 1157 1342 ob.

107 1385 234 1465 tinuit,
255 1379 343 1455 statu
371 1374 530 1455 Ecclesiae
550 1375 726 1460 florente.
750 1381 824 1453 cito
846 1373 1048 1476 disparuisse
1075 1377 1154 1456 Sec.

108 1494 169 1574 lV.
203 1491 286 1569 Erat
309 1491 519 1567 communis
552 1489 627 1565 sere
656 1487 860 1587 persuasio,
906 1488 1015 1566 finem
1048 1486 1156 1570 huius

108 1605 237 1685 muudi
268 1604 517 1703 propinquum
553 1598 622 1677 else
657 1601 891 1680 coniundunr
928 1624 1013 1680 cunt
1057 1604 1158 1679 exci-

108 1720 168 1797 dio
207 1715 336 1794 Romae
364 1715 580 1812 imperiique
611 1710 779 1790 Romans.
831 1710 884 1791 Ex
918 1712 1004 1791 hinc
1034 1714 1157 1794 elucet

108 1832 235 1908 veritas
263 1827 314 1903 de-
342 1848 458 1924 regno
483 1824 616 1904 Christi
652 1822 811 1902 Ecclesiae
841 1824 1029 1902 militantis
1063 1826 1156 1907 statu

108 1943 170 2023 suo
196 1935 317 2041 presso
350 1936 536 2024 eludatae,
570 1936 628 2012 sed
650 1936 903 2014 obfuscabatur
929 1941 1055 2015 veritae
1078 1938 1158 2017 haeo

108 2056 257 2133 iudaicis
275 2051 319 2126 de
336 2073 451 2148 regno
469 2045 601 2125 Mefflae
618 2049 881 2147 opinionibus,
913 2064 954 2124 ut
973 2053 1042 2124 iam
1061 2049 1154 2126 cras.

108 2167 160 2245 sus
186 2159 358 2244 Cerinthi
385 2184 524 2238 errores
555 2162 771 2238 notavimus.
811 2156 987 2262 Aquibus
1006 2160 1157 2260 quidem

108 2281 351 2360 abhorentea‚
372 2270 513 2374 Papiam
541 2295 629 2348 vero
647 2271 682 2350 S.
702 2271 845 2349 loannis
869 2271 1082 2372 discipulum
1104 2273 1158 2351 se.

110 2395 205 2476 cuti,
252 2385 350 2464 mille
375 2409 490 2462 annos
515 2384 629 2472 illos,
662 2387 698 2460 in
732 2386 862 2483 quibus
888 2384 1070 2463 Christum
1099 2409 1156 2465 te·

109 2518 309 2604 gnaturum
353 2500 390 2573 in
421 2500 522 2574 tertis
551 2497 663 2595 Apoc.
706 2494 798 2574 XX.
824 2496 910 2573 dicit
943 2499 1080 2594 (cum,
1115 2513 1155 2577 ut

110 2641 179 2694 nos
202 2634 322 2695 nunc.
368 2633 441 2709 ptae
475 2609 590 2686 oculis
630 2631 706 2684 non
741 2609 913 2684 haherent
948 2613 1054 2710 primi
1091 2613 1154 2690 sub

108 2724 266 2807 Ecclesia
300 2718 410 2822 pressa
439 2719 558 2799 Patres
588 2717 770 2797 eccleflam
803 2719 912 2817 ipsam
942 2720 1154 2802 militantem

107 2859 268 2938 regnum
290 2833 422 2916 Christi
447 2835 482 2908 in
503 2829 633 2920 terris)
659 2854 704 2908 ex
730 2831 839 2912 huius
860 2830 973 2930 Papiae
990 2832 1059 2910 fide
1076 2836 1157 2915 sunt

110 2950 336 3048 interpretati
364 2946 508 3047 quidam
530 2943 791 3030 solummodo,
833 2957 873 3023 ut
892 2943 951 3020 SS.
980 2963 1155 3046 martyres

110 3064 270 3144 lustinus
302 3058 513 3149 &Irenaeuc
536 3058 704 3157 praecipui
738 3056 845 3136 huius
877 3056 1057 3135 sententia
1097 3081 1159 3158 pa.

111 3179 213 3255 troni
244 3172 424 3249 fatentur:
469 3170 527 3246 ille
566 3170 800 3270 praeprimis,
841 3169 973 3271 quiin
1006 3169 1157 3269 dialogo

113 3312 200 3368 cum
226 3283 431 3385 Tryphone
452 3282 552 3358 hunc
571 3306 604 3358 n.
638 3294 699 3367 80.
729 3278 776 3369 a)
800 3282 1024 3361 dubitantem
1051 3284 1158 3362 indu·

112 3404 185 3486 cit,
215 3421 259 3475 an
282 3420 328 3473 ex
356 3397 466 3471 animi
490 3394 659 3471 sententia
681 3396 728 3471 ita
758 3393 929 3487 sentiret3
961 3395 1061 3495 quod
1076 3399 1159 3496 qui.

114 3515 199 3590 dem
225 3514 262 3585 in
285 3505 514 3607 responsione
537 3502 673 3594 asserit,
706 3507 739 3583 se
759 3509 795 3583 te
821 3509 958 3585 multos
974 3508 1064 3586 alios
1083 3507 1160 3585 sen.

115 3631 204 3710 tire,
232 3622 364 3699 fatetur
385 3643 491 3707 veru,
526 3618 662 3696 multos
682 3620 826 3707 rursus,
859 3623 989 3722 eosque
1017 3647 1063 3699 en
1092 3620 1159 3697 illo

115 3736 391 3814 christianorum
409 3756 566 3833 genere,
597 3730 810 3832 quodpiam
836 3733 1015 3831 &puram
1044 3734 1160 3831 sequi·

116 3865 176 3933 tur
203 3847 435 3938 sententiam,
466 3845 503 3927 id
526 3869 603 3928 non
633 3842 838 3950 agnoscere.
876 3841 1057 3929 Provocat
1081 3843 1162 3940 poll

995 3954 1117 4041 Isaitm

161 4070 202 4148 a)
224 4085 343 4152 utta·
