2512 4620
233 241 383 320 regnum
402 214 534 312 Cbrilli
547 224 589 300 in
605 224 717 301 terris
737 244 766 301 s.
787 218 904 301 XLV.
1021 238 1099 318 189
1156 296 1159 301 .

63 382 298 485 Mogontinae
316 384 375 462 list
393 387 554 475 mentio.
582 386 620 462 in
644 406 714 488 qna
734 385 916 487 principes
942 440 966 481 „
979 384 1103 468 decre·

62 554 86 592 „
116 513 150 574 ta
171 497 265 574 edita
286 499 323 573 in
348 496 440 576 sacra
463 494 644 575 Bodleenii
664 496 804 597 synodo
819 520 905 576 cum
925 504 1030 578 certis
1050 516 1102 580 ta·

63 665 86 705 „
117 633 201 686 men
223 609 503 688 testritiionibus
527 608 932 710 modificationibusque
956 625 1102 713 tempo·

62 778 87 816 „
117 744 198 798 tum
222 721 475 821 qualitatibus.
517 745 560 799 ac
583 721 686 814 ditia
708 719 934 801 Germanica
961 727 1102 803 nationi

62 888 85 928 „
115 834 350 919 accomodis,
393 830 632 912 'concorditer
661 845 896 931 acceptarunt
910 886 944 928 „.
1003 834 1101 930 Quat

65 945 237 1022 restritlio
265 941 500 1047 amplioribus
534 944 654 1023 adhuc
682 946 798 1022 verbis
829 938 890 1024 seu
918 947 1102 1025 conditio-

60 1058 171 1135 nibus
192 1061 228 1133 in
255 1056 333 1157 ipio
356 1080 505 1159 quoqne
526 1057 765 1134 instrumento
789 1054 1020 1155 Mogontino
1049 1060 1102 1139 le·

62 1167 333 1268 gitur‚·lcilicet
351 1193 360 1245 ε
391 1167 592 1261 „Cuilibet
616 1168 780 1262 nostrum
804 1173 822 1265 (
840 1186 881 1247 ut
898 1166 1104 1272 loquuntur

63 1335 87 1375 ‚,
116 1276 327 1380 principes)
344 1279 567 1380 fingularitet
588 1283 628 1357 in
652 1281 723 1358 suis
744 1282 968 1381 provinciis,
1005 1283 1104 1361 dioe·

63 1448 87 1486 ‚,
115 1391 272 1480 cefibus,
302 1416 344 1471 ac
365 1394 555 1471 territoriis
578 1392 866 1493 congruentibus
882 1407 1104 1473 etacconro·

63 1559 87 1599 ,‚
115 1504 169 1581 dis
190 1505 306 1593 fallis,
336 1520 373 1582 et
389 1504 515 1609 fiendis
535 1505 604 1585 luis
621 1507 707 1584 loco
726 1518 762 1582 et
778 1521 945 1606 tempore
963 1529 1102 1609 oppos.

65 1670 88 1709 „
115 1619 212 1694 tuuis
246 1617 527 1717 exprimendis„
569 1634 681 1716 prout
710 1617 843 1694 noum
874 1621 912 1695 in
942 1618 1103 1705 concilio

61 1725 301 1826 Frilingenfi,
332 1727 456 1804 habito
473 1752 543 1828 pro
574 1728 693 1808 lubitu
719 1726 869 1816 [eletio.
899 1728 996 1807 nulla
1013 1731 1103 1811 falla

64 1844 268 1918 attentione
286 1838 329 1916 ad
348 1862 541 1916 numerum
564 1856 627 1915 aut
650 1838 774 1913 seriem
792 1840 1022 1917 decretorum
1047 1842 1103 1920 vel

63 1951 211 2030 concilii
232 1944 430 2027 Bairleensrs
452 1949 724 2027 velconventus
743 1948 978 2048 Mogontini,
1000 1956 1104 2033 cuius

64 2065 287 2161 caeteroquin
319 2063 424 2136 verba
447 2061 505 2139 sua
540 2061 671 2151 facies
694 2076 735 2138 ut
756 2059 862 2148 alias,
891 2064 941 2138 ita
968 2066 1102 2153 etiam,

66 2177 130 2253 ubi
153 2174 197 2250 ad
224 2172 367 2250 decreta
389 2166 458 2250 sess.
485 2169 640 2253 XXXl.
669 2187 821 2273 uentum
847 2172 939 2268 fuit3
968 2172 1103 2255 omiffis

65 2287 240 2363 omnibus
256 2284 348 2373 illis,
372 2308 452 2387 qua
479 2288 515 2362 in
543 2286 782 2364 instrumento
807 2280 1038 2388 Mogontino
1057 2286 1104 2367 ad

65 2398 253 2476 decretum
291 2397 332 2474 de
371 2393 477 2484 confit
512 2409 547 2476 et
584 2394 869 2496 appellationibus
908 2401 1101 2498 pertinent.
1169 2420 1176 2439 ·

67 2508 192 2603 Quam
211 2530 297 2585 vero
317 2509 515 2588 libertatem
534 2509 728 2589 omittendi
746 2511 804 2587 vel
818 2512 1015 2610 adoptandi
1033 2534 1104 2612 pro

65 2618 186 2700 lubitu
210 2620 352 2699 decreta
379 2618 577 2699 Bafileensra
595 2628 612 2716 (
627 2645 705 2722 quae
722 2625 816 2698 iuter
833 2639 933 2698 erant
953 2622 1106 2701 saluber-

67 2735 158 2809 rima
199 2732 387 2832 complura
426 2732 450 2807 fi
484 2746 593 2811 catus
627 2732 684 2808 ille
719 2731 787 2809 suis
827 2736 865 2811 in
900 2731 1028 2811 finibus
1065 2738 1105 2813 in

69 2848 335 2922 communione
363 2845 545 2942 potestatis
573 2843 799 2921 hierarchica
825 2841 998 2933 stetilset,
1030 2870 1105 2921 nra·

66 2979 179 3056 gnam
214 2952 407 3055 deploratis
436 2957 502 3033 illis
535 2956 763 3055 temporibus
790 2950 952 3033 Ecclellae
972 2954 1106 3036 afferre

67 3068 256 3147 utilitatem
281 3064 465 3157 valuillet)
483 3065 600 3146 multo
614 3068 733 3146 adhuc
752 3067 968 3167 ampliorem
987 3072 1022 3145 in
1043 3068 1107 3147 ali·

68 3182 99 3257 is
115 3181 281 3257 conciliis
303 3176 527 3259 Germanicis
549 3195 638 3258 tunc
654 3184 826 3280 temporis
845 3180 995 3268 habitis,
1016 3202 1106 3279 pau·

67 3295 119 3368 cis
139 3293 285 3393 quidem
310 3291 397 3379 illis,
428 3297 465 3370 in
490 3294 621 3394 quibus
638 3292 808 3391 deinceps
826 3294 965 3370 mentio
985 3293 1105 3394 aliqua

69 3406 213 3480 concilii
234 3399 431 3483 Balileenlre
456 3406 505 3483 eli
528 3404 642 3490 latia,
672 3403 943 3504 deprehendere
962 3404 1036 3492 est,
1065 3402 1108 3496 o)

69 3512 148 3613 ipso
185 3519 220 3592 in
257 3517 420 3596 concilio
455 3512 686 3616 bloguntino
722 3520 806 3594 anni
845 3533 960 3610 ¹45¹·
1000 3520 1107 3618 quod

70 3627 190 3704 multo
222 3635 389 3727 pauciora
426 3630 567 3706 decreta
600 3626 817 3718 Bafileenlla,
848 3630 998 3708 decretis
1026 3631 1108 3732 qui.

70 3739 155 3817 dens
177 3744 328 3841 integris
352 3740 541 3843 appolitis,
572 3742 787 3843 acceptavit:
816 3764 859 3820 ac
879 3743 1001 3844 primo
1026 3745 1106 3844 qui.

817 3888 821 3895 ·
962 3866 1047 3946 dem

114 4019 149 4098 o)
171 4008 207 4083 Τ.
225 4012 261 4084 l.
285 4034 369 4087 cono
393 4012 491 4088 Germ.
514 4032 542 4100 p.
564 4034 631 4101 399·
713 3980 716 3985 Ι
