2512 4620
285 226 436 304 regrum
451 198 580 298 ommi
595 206 638 282 sn
648 207 768 285 terris.
781 229 810 286 ι.
826 203 889 287 ult.
1030 144 1118 305 pap

83 382 369 469 comparuerant
386 371 570 468 principiis
589 367 728 448 iilarum
749 373 904 471 partium
926 365 1116 451 schismati.

85 502 240 567 carum,
271 481 457 582 inquibus
484 503 612 559 eorum
638 482 752 558 solent
779 483 927 560 existere
954 484 1049 561 seder
1075 487 1116 564 ia
1193 550 1199 565 ,

86 590 270 677 Oriente.
313 590 444 669 semina
468 590 691 671 schismatum
720 594 924 692 spargentes
950 597 986 671 in
1005 592 1119 675 occe

87 703 216 785 denter
243 722 402 803 quorum
421 703 522 803 quod
539 726 649 792 unua,
672 707 732 804 qui
754 720 873 782 marera
891 704 1018 784 dutiae
1038 725 1121 807 poe·

89 816 238 895 nitentia
267 818 468 905 revocavit,
496 820 573 914 egit
588 837 700 915 opere
718 815 817 892 edito
832 816 877 894 ad
901 818 1121 897 reunieadoa

90 924 313 1014 dissidentes,
341 926 530 1027 caulasque
546 924 716 1024 separatae
730 926 900 1006 habentes
917 928 1122 1009 acatholica

89 1035 241 1119 Ecclesia
264 1036 348 1114 arisi
364 1036 520 1126 Christi,
561 1037 649 1117 alter
680 1038 851 1116 desertam
874 1038 1121 1140 redintegrant

90 1172 254 1253 pugnam
273 1147 461 1227 novissime
477 1148 572 1226 suam
597 1172 745 1257 operam
771 1154 808 1227 ia
834 1151 1138 1232 conveutuEm--1
1162 1175 1171 1185 ·

92 1258 179 1340 senii
205 1258 384 1340 conduxit
417 1259 462 1339 ad
496 1257 698 1339 diffidenter
734 1265 827 1340 inter
856 1261 890 1341 se
916 1263 1122 1343 reddeirdor

92 1368 244 1452 ecclesa
278 1373 443 1472 pastores.
500 1372 761 1472 segregatos
793 1372 860 1452 hoa
895 1376 933 1453 in
955 1399 1125 1456 commu·

93 1486 206 1563 aione
228 1484 411 1583 potestatis
436 1481 672 1563 eeclefiasticae
698 1487 792 1562 inter
817 1485 978 1565 summos
1001 1484 1123 1567 Eccle-

94 1592 152 1673 me
170 1597 353 1697 pastores,
383 1599 555 1675 ricarium
575 1594 705 1674 Christi
734 1595 966 1695 pontificem.
995 1615 1032 1677 et
1048 1601 1124 1701 epi·

93 1705 245 1809 scopos.
274 1730 362 1784 ovea
381 1709 536 1806 propriae
549 1727 625 1781 noa
642 1704 814 1783 audiunt:
834 1705 906 1804 sed.
923 1710 985 1804 qai
1006 1706 1124 1806 passm·

95 1814 143 1909 eii
161 1821 311 1906 ovium,
351 1816 435 1893 haic
467 1812 628 1905 ostiarius
658 1818 799 1910 aperit,
844 1829 879 1892 et
905 1840 984 1895 oves
1002 1841 1124 1898 vorem

91 1934 169 2009 eiua
192 1929 365 2017 andiunt,
404 1936 439 2002 er
455 1928 623 2024 proprias
654 1942 734 2003 aves
763 1937 867 2003 vacat
884 1931 1120 2022 nominarim.

95 2053 132 2120 rt
149 2039 264 2119 educit
282 2053 349 2116 iar.
406 2035 451 2114 m
472 2060 550 2114 rum
570 2040 734 2135 propriae
758 2059 838 2115 oves
855 2037 1030 2138 arriserit,
1058 2064 1124 2118 an.

96 2166 134 2230 re
150 2174 208 2230 ras
233 2150 355 2227 eadit:
380 2160 416 2226 et
436 2170 517 2228 raas
540 2149 637 2225 issum
650 2147 866 2246 sequuntur,
906 2154 990 2248 quia
1003 2149 1126 2249 scians

96 2286 218 2342 aorem
236 2266 320 2340 eius.
378 2260 540 2339 Alienum
557 2272 673 2338 ararem
688 2272 758 2337 nm
765 2260 976 2359 sequamur.
993 2261 1125 2365 [adfir-

91 2380 201 2475 girmr
213 2372 323 2464 ahro,
338 2375 509 2470 quianon
527 2384 703 2450 noverant
717 2394 837 2451 vocem
853 2369 1063 2454 alienorum.
1078 2374 1121 2465 a)

184 2532 241 2615 Est
261 2534 335 2613 hoe
358 2532 461 2636 quod
483 2532 593 2610 hodie
616 2534 670 2611 vel
694 2536 849 2612 maxime
877 2530 1052 2615 sollicitor
1072 2553 1126 2616 te.

100 2661 164 2727 net
184 2648 315 2725 alicubi
343 2647 459 2722 saltem
487 2648 672 2745 gentium,
712 2666 753 2722 ac
782 2662 902 2723 tenere
928 2650 1126 2749 oportebat

100 2781 252 2846 omnes,
294 2760 424 2858 quibua
450 2755 610 2835 Christus
636 2755 732 2835 ovile
757 2756 857 2835 suurn
881 2756 1060 2838 commisit
1087 2761 1127 2837 irr

98 2884 197 2949 tanta
214 2868 364 2946 ovilium
384 2867 616 2956 confusione,
646 2868 1056 2969 pastuquepromiscuo
1078 2894 1126 2950 ne

100 3006 188 3060 orer
221 2983 376 3082 proprie
407 2982 594 3082 sequantur
617 2981 792 3079 pastorem
827 2980 1011 3070 alienum,
1066 2983 1128 3062 cus

101 3093 264 3175 Christos
287 3114 362 3168 non
384 3090 564 3169 commifit
584 3091 700 3178 ovile,
730 3092 849 3193 quaiea
872 3109 955 3170 aare
975 3093 1008 3170 se
1024 3098 1142 3171 nota·

103 3208 156 3283 rit
176 3203 339 3284 Chrisim
360 3203 456 3282 sures
479 3218 514 3282 et
535 3203 700 3281 latrones.
759 3202 851 3300 Ego,
881 3207 1020 3305 inquit,
1042 3205 1127 3304 jum

104 3313 236 3407 ossium.
294 3314 369 3392 Per
388 3338 442 3391 me
460 3312 489 3406 li
509 3318 586 3409 quis
608 3316 818 3404 introierit,
838 3312 1066 3415 salvabitur:
1093 3327 1130 3394 et

105 3427 345 3525 ingredimar,
363 3438 397 3503 rt
411 3425 628 3523 egredietur,
648 3437 683 3503 et
692 3425 996 3526 pafmainaeniet.
1055 3427 1130 3507 rur

102 3562 174 3617 non
191 3543 311 3626 venir,
341 3535 406 3627 nis
430 3548 471 3613 ur
487 3532 656 3637 furetur,
690 3549 724 3614 rt
744 3539 890 3626 maaet,
929 3550 964 3617 et
992 3540 1144 3639 perdar.-

105 3648 206 3731 Misit
227 3649 388 3730 Christus
423 3646 605 3749 apostolor
642 3648 722 3726 suos
751 3648 839 3728 ficut
872 3662 959 3729 ore'a
985 3655 1020 3730 in
1054 3678 1130 3734 me·

106 3763 390 3866 diosoporam3
419 3762 501 3843 aiibi
519 3784 585 3840 eor
602 3758 663 3840 sibi
683 3762 866 3843 attendere
879 3763 954 3844 vult
973 3770 1016 3845 ab
1040 3766 1129 3855 iiiia,

148 3992 439 4080 mmxpu
1012 3916 1106 4055 we
