2506 4958
308 237 457 312 regnum
485 209 670 300 christiin
689 217 842 291 terrisc.
870 214 948 291 XL.
1082 282 1091 304 ,
1122 239 1148 312 7

105 382 220 467 ravit,
241 393 293 456 ut
317 379 413 458 nulla
438 379 606 477 deinceps
637 379 690 452 via
718 380 894 477 patuerit,
925 401 994 476 qua
1016 376 1059 452 ad
1081 376 1150 454 stn-

106 517 227 572 ceranr
251 492 441 568 nobiscum
462 489 698 578 concordiam
723 489 984 567 instaurandam
1015 489 1147 568 adduci

106 619 320 708 potuerunt.
1147 610 1152 617 '

194 765 311 844 Porro
333 769 368 841 in
392 764 534 867 synodo
556 761 790 863 Lugdunensr
811 763 879 841 hac
897 763 1047 841 secunda
1072 763 1162 842 Ru.-

107 878 266 979 dolphus
283 879 307 956 l.
326 880 432 954 etiam
448 876 554 954 Ronr.
567 875 645 952 Rex
658 901 721 977 per
736 877 893 975 legatum
911 877 1011 952 suum
1032 875 1148 955 Otto·

109 1017 194 1069 uem
208 992 318 1092 Spirae
332 991 375 1065 ad
388 990 420 1066 S‘.
434 990 644 1068 Gnidonenr
664 987 917 1087 Praepofirurn,
933 1005 970 1064 nt
985 988 1147 1067 Bzorius

86 1105 152 1181 ad
184 1105 282 1180 hunc
298 1128 433 1191 annum
450 1120 588 1187 narrat,
617 1158 639 1194 „
660 1105 782 1178 omnia
810 1104 907 1187 iura,
939 1103 1145 1198 privilegia,

107 1273 129 1309 ,‚
161 1218 436 1300 immunitates,
474 1214 681 1300 libertates,
722 1215 847 1297 bona,
892 1211 1142 1314 possessiones.

109 1385 132 1421 „
162 1331 347 1412 civitates,
388 1343 423 1404 et
453 1330 654 1426 provincias
688 1327 891 1427 aposlolicae
918 1325 988 1401 sedi
1023 1351 1149 1427 aprae·

108 1497 130 1533 „
163 1439 403 1516 decessoribus
449 1441 728 1537 imperatoribus
771 1443 963 1539 praesertim
999 1437 1146 1518 Ottone

107 1609 131 1645 „
161 1551 226 1628 lV.
247 1567 281 1626 et
300 1551 482 1631 Friderico
500 1549 541 1627 ll.
562 1551 659 1627 datas
677 1549 954 1650 concessasque,
980 1575 1046 1628 nec
1070 1576 1145 1628 non

106 1721 129 1757 ‚‚
160 1666 368 1740 iuramentis
392 1680 428 1739 et
450 1664 577 1739 tabulis
614 1665 764 1762 publicis
794 1663 1023 1748 confirmatas
1054 1663 1149 1742 Gre-

108 1833 131 1869 ‚,
163 1781 272 1874 gorio
294 1773 344 1855 X.
376 1774 540 1873 pontifici
563 1773 813 1861 confirmavit,
844 1793 880 1850 et
904 1779 1091 1861 renovavit
1112 1831 1145 1867 ,‚.

109 1889 220 1988 Apud
244 1886 445 1984 Lunigiunr
475 1887 511 1959 in
546 1888 825 1961 continuatione
856 1885 1028 1982 spicilegii
1058 1885 1145 1963 eccl.¹

109 2016 211 2077 extat
239 1997 426 2096 Rudoiphi
453 1996 640 2096 diploma,
671 2020 746 2096 quo
768 1995 1043 2087 Fridericiananr
1070 1997 1150 2074 bul-

110 2105 183 2188 larn
204 2134 347 2194 aureanr
364 2109 429 2186 suo
446 2112 552 2184 etiarn
572 2113 724 2192 nomine
738 2109 932 2209 publicavit
949 2133 1004 2185 an.
1030 2130 1145 2201 1275.

109 2248 180 2325 pro
200 2221 297 2300 clero
316 2221 537 2306 Germanico
555 2221 666 2321 Spirae
689 2240 720 2310 3.
752 2221 835 2299 ldus
866 2220 998 2298 Martii.
1041 2221 1147 2300 Aliud

108 2336 214 2437 apud.
262 2333 488 2433 Raynaldurn
529 2333 572 2408 ad
619 2334 774 2411 eundern
822 2359 958 2417 annum
994 2334 1145 2434 legitur,

108 2448 213 2548 quod
233 2449 381 2545 incipit:
411 2443 464 2522 Ab
482 2468 519 2520 eo
531 2443 626 2543 folo,
666 2462 729 2544 per
751 2471 852 2543 quem
877 2469 974 2542 regas
994 2456 1147 2542 regnunt

110 2563 182 2636 &c
210 2584 265 2635 an.
301 2580 418 2651 1275.
448 2556 534 2634 Xli.
566 2556 646 2635 Kal.
666 2559 763 2636 Nor.
791 2559 914 2637 datunr
943 2557 1144 2648 Losannae.

111 2673 177 2751 ubr
200 2669 418 2768 Rudoiphus
448 2694 493 2744 eu
521 2693 619 2754 auno
648 2694 731 2745 curn
763 2670 949 2767 Gregorio
975 2669 1024 2748 X.
1060 2695 1150 2747 con-

109 2783 274 2859 cordiam
304 2782 541 2859 sacerdotium
573 2783 665 2859 inter
695 2797 730 2855 et
760 2784 952 2880 imperium
992 2807 1068 2857 earn
1100 2783 1150 2858 est

109 2894 258 2995 patius,
291 2919 368 2994 quaa
389 2892 602 2980 sacrosantis
623 2894 717 2989 apud
744 2896 978 2992 imperatores
1011 2893 1154 2991 semper·

108 3007 197 3091 suit,
239 3011 300 3106 qui
320 3004 503 3105 hucusque
533 3009 601 3080 iam
634 3004 819 3104 perplura
848 3004 1055 3081 seculanon
1088 3005 1150 3080 ad·

110 3119 268 3195 modum
286 3121 482 3216 interrupta
505 3119 567 3192 sec.
588 3115 696 3208 XlV.
716 3135 750 3192 et
766 3113 853 3202 XV.
873 3115 958 3192 serie
975 3140 1019 3193 ex
1039 3115 1152 3194 Habi-

112 3233 256 3328 burgo·
271 3232 446 3306 ilustriaca
473 3231 578 3327 stirpe
600 3229 727 3305 solium
745 3228 928 3327 imperiale
948 3227 1152 3328 gloriosrisr·

112 3367 174 3418 me
204 3360 398 3421 tenuerunt
420 3341 606 3439 Rudoiphi
636 3342 835 3440 exemplo,
868 3344 991 3441 quiin
1024 3341 1150 3418 litteris

113 3454 328 3555 encyclicis,
360 3479 451 3554 quas
471 3453 650 3529 edidimus
672 3458 707 3528 in
730 3455 815 3531 cod.
837 3454 933 3552 epist.
966 3451 1148 3551 Rudoiph.

113 3571 236 3667 paucis
260 3568 479 3652 manifestat,
509 3566 610 3665 quod
637 3565 774 3657 „adid
799 3569 904 3643 unice
925 3566 981 3641 lua
1005 3565 1152 3665 suspira·
1219 3614 1223 3621 ·

112 3735 136 3771 ,‚
164 3681 256 3754 verit
273 3682 447 3765 intentio,
470 3678 632 3778 suscepto
654 3677 764 3753 divini
786 3678 1045 3776 dispensatione
1062 3702 1151 3755 con·

114 3847 138 3884 „
167 3788 229 3864 lilii
260 3794 348 3887 regii
370 3791 569 3866 diademate
597 3794 842 3890 principatus:
884 3805 924 3866 ut
947 3813 1015 3890 pax
1037 3792 1153 3877 eccle-

114 3959 138 3995 „
168 3901 250 3990 liis,
289 3904 484 3979 concordia
512 3903 700 4002 plebibus,
744 3919 781 3980 et
804 3902 955 3981 ubilibet
988 3905 1151 3980 moribus

552 4017 584 4091 Ἀ
617 4036 642 4108 4
996 4014 1099 4091 disci·
