2512 4620
273 194 424 272 regnum
451 162 582 263 chnut
601 160 781 249 interris.
801 191 831 245 c.
851 167 972 251 LVII.
1060 193 1137 268 303
1216 118 1219 125 Ι

102 333 252 438 gnum?
295 392 318 429 „
347 333 444 428 Quis
467 325 584 430 (ait)
610 327 740 411 audeat
767 330 908 419 dicere,
939 348 1031 416 tunc
1057 361 1145 418 cum

100 506 125 545 „
154 448 218 524 illo
245 471 323 525 non
353 462 544 544 regnatura
570 447 750 532 membra,
795 446 944 548 quando
971 453 1003 527 ei
1032 456 1146 529 maxi.

101 618 127 657 „
157 583 216 637 me
245 574 353 660 atque
381 550 568 634 sortiffime
589 556 849 634 cohaerebunt:
882 573 919 636 et
947 584 1024 662 quo
1053 577 1146 641 tem.

103 730 127 769 „
154 696 245 775 pore
278 689 417 772 quanto
450 671 520 747 erit
549 671 667 745 acrior
697 672 854 769 impetus
888 666 994 761 belli,
1041 689 1147 755 tanto

104 843 129 882 „
159 788 275 861 maior
296 783 412 882 gloria
439 801 517 857 non
539 778 714 868 cedendi,
747 798 850 858 tanto
871 780 1014 863 densior
1037 810 1148 866 coro.

106 952 131 994 ,‚
157 921 202 974 ua
229 893 414 995 martyrii?
443 894 516 970 Aut
538 889 562 968 si
584 910 735 994 propter
760 893 1029 988 tribulationes,
1059 922 1147 1005 quar

106 1066 130 1113 „
160 1003 288 1109 passuri
313 1005 411 1093 sunt,
442 1026 521 1082 non
548 1004 692 1083 dicendi
718 1004 799 1084 sunt
822 1012 1030 1107 regnaturi,
1058 1035 1149 1090 con·

106 1177 131 1215 „
160 1121 309 1220 sequens
334 1120 425 1205 erit,
475 1135 516 1195 ut
544 1110 652 1194 etiarn
680 1119 718 1194 in
747 1116 990 1218 superioribus
1021 1122 1148 1204 diebus

106 1223 196 1326 ‘,‚in
231 1233 366 1308 eisdem
399 1224 496 1307 mille
526 1232 628 1307 annis
654 1230 864 1332 quicunque
888 1232 1149 1314 tribulabantur

108 1403 132 1441 „
161 1344 386 1430 ianitorum,
442 1365 487 1419 eo
505 1340 582 1443 ipso
609 1355 777 1439 tempore
806 1339 1048 1429 tribulationis
1080 1346 1151 1427 suae

105 1512 131 1553 ,‚
161 1481 245 1534 cum
274 1450 417 1535 Christo
445 1475 521 1530 non
549 1448 709 1553 regnasse
741 1453 954 1549 dicantur„.
1014 1457 1074 1537 Sic
1096 1462 1152 1537 di·

109 1573 142 1647 ci
169 1572 321 1669 nequit,
360 1586 515 1665 regnurn
542 1564 676 1645 Christi
709 1587 786 1642 non
809 1565 910 1645 fuisse
936 1567 1061 1669 primis
1083 1569 1153 1651 Ec·

108 1678 220 1759 elebat
253 1673 374 1781 presse
403 1675 548 1755 seculis:
589 1675 738 1779 quando
765 1680 887 1777 potius
913 1681 984 1758 dici
1005 1688 1150 1783 potuit,

111 1792 202 1871 illud
225 1814 288 1892 per
310 1789 378 1866 sese
402 1780 602 1872 substitisse,
655 1786 743 1864 dum
775 1788 1020 1888 persecutores
1049 1813 1152 1874 extra

110 1900 301 1985 Ecclesiam
324 1901 494 1988 suerunt,
524 1897 623 1977 secus
640 1917 682 1976 ac
706 1901 907 1999 persecutio
929 1905 1005 1980 eius
1026 1902 1151 1985 soluto

111 2016 263 2101 Sataua.
294 2012 442 2114 quando
472 2009 588 2109 ipsum
613 2030 769 2108 regnum
788 2010 923 2091 Christi
940 2015 1150 2114 impetitur,

111 2128 234 2227 estque
251 2126 288 2202 in
309 2123 395 2202 siatu
412 2119 527 2224 presso
542 2126 647 2219 (non
659 2121 822 2224 oppressa
840 2127 892 2203 uri
909 2148 976 2204 nec
993 2125 1055 2206 iob
1073 2150 1154 2228 per·

113 2237 360 2316 secutionibur
387 2232 567 2325 Eccleha,
612 2258 697 2313 cunr
719 2260 791 2337 qua
813 2235 847 2314 se
866 2235 1029 2318 Christos
1054 2240 1155 2317 sutu-

115 2374 196 2429 rum
227 2343 391 2451 promisit
419 2346 531 2448 usque
563 2346 607 2425 ad
635 2349 989 2428 consummationem
1017 2346 1155 2442 seculi)

112 2486 190 2565 quo
210 2460 345 2556 ,Christi
374 2481 492 2560 regno
516 2460 561 2538 ab
585 2451 684 2548 aliis.
715 2482 824 2563 quam
852 2456 984 2562 quibus
1007 2464 1154 2566 abipso

113 2570 301 2652 commissa
326 2570 377 2651 est
404 2568 595 2673 potestas,
626 2571 798 2672 usurpari
832 2574 1023 2674 suscepto:
1063 2577 1156 2655 dum

114 2690 253 2788 quivis,
285 2679 913 2784 legitimaecclefiasticaaulioritate
929 2688 1065 2786 spreta,
1087 2689 1154 2768 suo

117 2798 334 2897 relinquitur
359 2794 510 2871 arbitrio
534 2797 575 2873 ac
604 2792 779 2886 libertati,
811 2813 981 2897 exparte
1009 2821 1155 2898 cogno·

117 2909 270 2995 scimus,
314 2931 381 2985 nec
406 2907 558 2986 obscure
585 2905 786 2986 divinamus
814 2924 957 3009 tempus
981 2914 1087 2988 etiam
1113 2911 1159 2989 il.

118 3020 204 3108 lud,
236 3019 338 3123 quod
363 3018 546 3119 aposlolus
566 3017 654 3120 saepe
675 3020 813 3100 laudata
839 3022 985 3120 epistola
1002 3021 1159 3106 secunde

117 3133 162 3211 ad
190 3128 517 3211 Thessalonicenses
539 3128 716 3231 designat:
748 3133 850 3233 qood
869 3156 942 3235 prae
956 3134 1071 3212 oculis
1092 3134 1158 3213 ha·

120 3248 210 3323 bens
234 3247 269 3324 S.
292 3246 510 3345 Augustinus
535 3239 674 3332 o)cum
698 3241 795 3333 aliis,
826 3268 919 3346 quos
937 3251 1159 3325 memoravi.

121 3381 229 3444 urus.
259 3354 375 3445 illud,
404 3356 507 3458 quod
535 3359 585 3434 ait
603 3355 806 3455 apostolus:
836 3368 976 3434 tuntum
1000 3362 1062 3456 qui
1083 3385 1159 3437 mu.

122 3467 166 3544 riu
181 3480 297 3561 tenet,
327 3480 462 3557 tenent,
488 3466 594 3545 donec
609 3464 652 3543 ‘de
672 3466 881 3565 rnediostot,
912 3470 958 3547 de
978 3472 1055 3572 ipso
1082 3468 1164 3551 Ro.

122 3581 409 3683 mano'imperio
433 3580 568 3660 ditium
598 3579 734 3667 credit,
764 3592 932 3679 tanquam
954 3574 1082 3661 ditium
1097 3582 1159 3675 fit:

123 3704 265 3771 renium
291 3698 352 3791 qui
369 3694 471 3774 modo
491 3697 671 3794 imperet,
696 3695 867 3794 imperet,
897 3694 1003 3774 donec
1024 3697 1065 3774 de
1088 3720 1161 3776 me.

61 3926 66 3933 Ι
1045 3830 1105 3910 diu

168 3988 204 4068 a)
225 3981 525 4061 Lococitlib.XX.
548 3982 654 4051 dcciv.
677 3981 777 4051 nne
797 4001 845 4065 ¹9·
862 4000 892 4052 n.
912 4000 942 4067 ι,
1240 3978 1243 3983 ’
