2506 4958
257 242 409 319 regnum
441 215 568 310 Christi
595 220 635 294 in
663 221 782 297 terris.
814 243 842 299 c.
870 216 977 304 rut
1103 243 1155 320 27
1188 263 1198 271 ·

130 407 294 467 tonorum
323 380 476 459 mibibut
510 377 844 479 confirmabuntur
876 381 1054 484 uniuerso.
1111 382 1159 465 Et

129 499 295 598 requievit
325 496 384 572 dic
407 494 559 592 septima.
618 492 696 570 Hoc
727 499 804 570 ait:
849 497 985 591 quondo
1014 501 1160 576 uenient

130 613 192 684 eius
231 605 345 684 Filius
377 617 510 701 tempus
543 607 660 700 iniqui
689 603 870 692 abolebit,
913 630 954 684 ot
987 607 1159 686 iudicabit

131 722 278 816 impios,
323 728 358 794 et
389 713 541 792 mutabit
565 713 675 813 solem
709 742 750 792 ac
781 717 900 794 tunam
921 777 931 806 ,
953 716 1157 817 flebatque:

130 843 202 907 tuuc
237 828 384 927 pulchre
410 827 598 925 requiescet
634 829 688 903 die
713 827 875 926 septimo.
934 829 971 907 P.
1005 829 1159 932 Hugoni

130 941 301 1022 Menardo
313 940 469 1020 ,videtur
486 939 560 1016 haec
576 941 679 1016 innui
697 940 855 1016 bebrina
875 965 950 1040 cap.
967 940 1029 1018 Ν.
1060 944 1160 1042 epist.

132 1053 160 1132 8.
178 1054 277 1130 'Pauli
296 1052 341 1129 ad
379 1050 571 1129 Hebraeae:
604 1075 636 1126 v.
668 1072 700 1141 3.
724 1055 792 1128 &c
818 1050 1160 1146 ingredimur-enim

98 1206 101 1212 ν
134 1169 165 1241 in
194 1167 347 1260 requiem
378 1165 440 1259 qui
471 1162 677 1238 credimus:
721 1164 1005 1258 quemadmodum
1039 1165 1161 1258 dixit,·

133 1274 241 1371 quibus
258 1277 384 1350 iurooi
407 1277 446 1349 in
472 1276 531 1349 iro
551 1297 654 1358 mea,
678 1270 931 1365 bintroibunt
944 1278 982 1349 iu
1004 1280 1161 1373 requiem

135 1411 265 1476 meam;
309 1396 344 1462 et
374 1385 512 1480 quidem
541 1382 701 1481 operibus
733 1384 776 1460 ab
801 1384 1016 1478 institutione
1037 1389 1162 1466 mundi

135 1501 293 1597 paperes.
351 1495 462 1573 Dixit
488 1502 580 1573 enim
612 1501 650 1570 iu
670 1497 816 1593 quodum
838 1497 910 1575 ioco
926 1499 967 1575 de
984 1497 1040 1575 die
1050 1498 1162 1598 septi·
1239 1562 1242 1567 ⁴

140 1635 189 1684 na
204 1608 281 1700 fic:
323 1607 367 1685 b't
386 1611 563 1704 requievit
594 1607 689 1686 Deus
714 1611 769 1687 die
786 1607 940 1707 septima
973 1607 1018 1686 ob
1051 1614 1165 1688 omni-

138 1718 190 1797 bus
211 1718 368 1850 operibus
389 1718 476 1819 suis
535 1719 641 1797 Unde
675 1721 765 1798 infra
791 1723 903 1799 dicit:
938 1719 1091 1813 Nomi
1114 1724 1165 1800 eir

142 1831 219 1929 iesus
238 1835 394 1928 requiem
418 1828 648 1930 prebitiffet,
679 1856 858 1943 nunquqm
886 1834 926 1909 de
949 1831 1032 1908 aba¹
1048 1828 1165 1928 boque-

141 1956 228 2020 retur
249 1941 386 2040 polibat
414 1943 478 2020 die.
539 1943 663 2038 Itaque
693 1938 909 2038 relinquitur
930 1941 1168 2041 sabbatismus

139 2054 247 2160 popula
271 2054 348 2130 Dei
406 2053 561 2155 Requies
583 2078 714 2153 nempe
735 2058 836 2150 regui
865 2053 1042 2140 coelestis,
1086 2078 1166 2154 quae

146 2167 200 2241 diei
236 2168 391 2264 septimae
429 2166 612 2252 succedit,
679 2182 718 2242 ut
772 2164 969 2242 Meotidas
1005 2165 1164 2243 adnotat

88 2273 224 2378 Quia
258 2290 400 2364 tamen,
448 2277 595 2362 subdit,
634 2275 703 2351 bac
733 2278 981 2373 interpretatio
1019 2277 1166 2353 videtur

88 2400 95 2477 ζ·
146 2412 244 2475 noea,
289 2388 399 2463 nolim
437 2413 513 2463 eam
536 2391 768 2484 pertinaciter
797 2385 987 2486 defendere
1048 2388 1166 2466 Probe

88 2482 96 2589 ἰ
147 2523 214 2576 ecco
241 2501 417 2599 pensanda
444 2501 546 2588 sunt,
563 2524 668 2598 quae
685 2524 775 2577 mox
802 2501 904 2578 allate
943 2503 1085 2579 anobis
1118 2524 1165 2578 cx

148 2614 272 2710 epistola
298 2612 332 2691 8.
348 2610 514 2694 Raroabae
534 2613 636 2687 verbe
658 2595 883 2709 sequuntur
912 2616 1168 2714 pettiaeutque

93 2788 97 2797 .
148 2724 344 2828 ebregaum
363 2722 494 2802 Christi
519 2747 602 2799 cum
630 2723 950 2808 sandisiaterris,
982 2749 1058 2799 noa
1082 2747 1168 2823 qua-

147 2832 173 2909 le
197 2834 365 2917 Chiliastae
385 2835 567 2920 statuuat,
596 2833 729 2911 deliciis
749 2833 895 2910 affluens
922 2848 957 2909 ct
984 2834 1142 2912 otiosum
1081 2858 1167 2922 um,

90 2974 94 3057 ς
146 2943 190 3021 sed
214 2946 404 3046 operosum
438 2949 475 3025 iu
502 2945 679 3025 tenuitate
698 2960 734 3022 ct
756 2945 881 3023 iustitia
906 2968 1029 3022 coram
1054 2943 1167 3033 Deo.

91 3080 95 3147 ;
145 3049 199 3156 que
246 3059 317 3135 iate
355 3071 453 3156 patet
481 3080 634 3154 regnum
686 3057 838 3164 idipsum
884 3056 1059 3142 Christi,
1103 3053 1172 3132 flo-

94 3164 98 3171 ’
144 3191 211 3246 rens
243 3193 307 3268 per
351 3170 478 3247 orbem
513 3165 691 3254 Ecclesia,
721 3182 863 3266 pacata,
894 3165 1107 3272 saniiiiiceas
1131 3168 1172 3245 in

144 3279 288 3361 christo
347 3279 672 3362 scestaniam
693 3279 901 3357 *audianum
922 3278 1081 3374 Denique
1097 3280 1169 3359 eit:

141 3391 351 3476 [oedificabo
368 3414 444 3470 eam
466 3396 501 3467 ia
527 3393 690 3468 manibus
721 3391 887 3478 mundis,
920 3411 956 3468 ct
978 3389 1089 3467 corde
1102 3413 1172 3492 pu.-

143 3525 183 3579 ra.
244 3503 283 3579 ti
316 3521 399 3598 ergo
429 3527 534 3599 quom
559 3501 776 3578 diem‘Deus
805 3498 1064 3600 sarrtiificauitg
1106 3500 1176 3579 oii-

88 3646 96 3651 ·
142 3618 207 3708 quir
230 3638 300 3691 nou
336 3611 443 3711 poteli
458 3614 619 3713 sarabara
638 3610 785 3709 efficere,
828 3612 952 3706 nibiit
974 3618 1176 3711 peremnia

142 3728 281 3805 rotrodus
300 3725 425 3814 corde²
453 3729 666 3800 erravimus.
729 3723 818 3800 Vide
831 3729 968 3824 igitur,⁰
998 3737 1080 3802 tum
1096 3724 1176 3823 pul·

88 3858 91 3863 ·
141 3856 192 3913 tre
214 3835 428 3941 requiescens
440 3835 674 3939 iarrdificobit
694 3836 818 3929 iiiam,
846 3837 980 3937 quanda
1000 3861 1061 3912 nos
1078 3849 1175 3934 pate-

1008 4015 1121 4093 rinus
