2506 4958
207 186 520 294 regnumſjl'lristi
547 196 587 271 in
613 194 733 273 terris,
762 210 792 273 c.
821 186 913 274 Xtt
1059 209 1114 301 65
1199 283 1206 290 ,

62 385 117 455 ne¹
131 354 204 438 ΙΙΙ.
227 353 310 461 fuit
339 355 455 448 Romu
479 348 632 444 elelius,
678 367 713 432 et
749 356 947 436 declaretur
979 357 1113 440 Romu·

63 498 127 552 nus
153 477 352 568 imperator
376 526 387 557 ,
431 472 490 544 cui
520 470 674 565 deinceps
696 466 800 566 usque
831 470 879 546 od
899 470 1111 553 hodiernum

61 588 153 664 diem
171 580 408 684 succefferunt
428 584 658 678 imperotores
686 585 725 656 in
758 579 958 660 Germania.
989 584 1111 663 Ειιὶηιό

61 720 149 776 oero
180 687 227 772 od
265 707 454 789 utrumque
483 697 699 789 imperium,
731 691 914 771 Orientale
933 700 1111 777 nimirum
1207 715 1210 719 ’

59 825 93 890 et
124 799 347 886 Occidentole
373 803 673 894 udrembrondum,
698 791 810 890 lutuu
829 807 889 882 illo
917 800 1112 887 Nabucho-

59 912 226 1019 d0nosori
251 916 379 1006 oileulo
407 917 497 994 Oon.
527 913 575 994 ll.
606 919 646 991 in
669 929 788 1013 typum
816 916 968 995 Romani
1000 924 1112 1020 impe.

58 1040 144 1123 rii,
171 1028 266 1130 quod
287 1030 469 1107 Orientem
493 1041 526 1105 et
556 1028 777 1105 Occidentem
787 1027 858 1128 suo
875 1030 1110 1128 amplitudine

59 1149 242 1231 coercuit,
287 1139 420 1219 duobus
446 1140 546 1218 tibiis
574 1139 768 1217 utebatur:
814 1142 863 1218 od
883 1144 1042 1243 idemque
1057 1145 1109 1242 fi·

53 1250 298 1359 gnificondum
327 1258 366 1330 in
385 1250 480 1329 orbis
507 1250 795 1352 descriptionibus
830 1279 962 1353 mogun
987 1257 1112 1357 aquilo

62 1395 143 1449 cum
171 1366 303 1466 duplici
318 1369 431 1465 cupite
454 1365 685 1462 depingitur,
715 1389 788 1461 que
818 1359 949 1465 instgne
974 1368 1018 1460 etl
1040 1370 1113 1449 tto.

60 1485 163 1561 muni
188 1471 357 1578 imperii:
401 1488 441 1552 ut
458 1476 576 1554 orbem
596 1477 803 1575 universum
832 1477 1004 1578 bipertito
1038 1483 1111 1564 lio-
1231 1554 1239 1563 .

62 1619 170 1674 mono
188 1593 338 1690 imperio
359 1588 538 1665 Orientali
557 1587 720 1667 videlicet
741 1599 776 1666 et
798 1590 1014 1671 Occidentoli
1026 1586 1110 1690 sub..

62 1711 191 1786 iccium
235 1703 465 1799 intelligatur.
523 1701 600 1779 Nec
631 1725 732 1797 vero,
758 1704 948 1800 quidquem
987 1705 1108 1802 obest.
1226 1726 1230 1731 '

64 1821 158 1918 quod
174 1817 277 1894 bodie
298 1806 409 1893 llomo
434 1815 644 1911 imperatori
671 1810 827 1891 Romano
859 1840 930 1891 non
950 1832 1109 1914 parent,

61 1933 103 2010 id
118 1925 213 2010 enim
234 1920 282 2004 orl
308 1930 498 2023 imperium
534 1922 732 2001 Romanurn
762 1947 833 2001 uon
861 1932 1036 2025 pertinet:
1066 1930 1112 2024 fi.

63 2044 204 2142 quidem
234 2041 404 2118 Arcodiur
433 2050 467 2115 et
498 2030 701 2129 Theodosius
724 2038 874 2126 iunior,
915 2051 949 2117 et
978 2040 1113 2138 reliqui

63 2156 172 2256 usque
197 2153 245 2231 od
264 2140 496 2255 lullinionum
517 2153 745 2247 imperotores
769 2147 921 2226 Romani
931 2149 1110 2252 fuerunt,
1240 2246 1242 2251 ¹

63 2293 126 2346 nec
141 2279 259 2345 tomen
284 2260 447 2342 Romonae
471 2256 554 2338 urbi
581 2260 813 2358 lmpe'roltout.
872 2262 960 2343 Hoc
976 2265 1109 2348 Blafiuo

65 2371 200 2480 Viegas
219 2392 416 2456 comment.
441 2381 478 2452 in
509 2374 623 2474 Apoe.
658 2398 690 2473 p.
719 2387 811 2467 7¹8·
844 2375 992 2476 August.
1025 2379 1111 2460 Cal·

67 2514 185 2568 metus
222 2494 260 2566 in
309 2489 578 2564 commentariis
616 2486 736 2586 paullo
778 2507 861 2565 ante
902 2494 1017 2567 citatis
1055 2491 1107 2572 D.

66 2603 282 2688 Thomorn,
313 2615 349 2677 et
370 2600 459 2676 alios
488 2602 705 2675 recentiores
734 2605 840 2675 etiam
866 2603 1111 2701 interpretes,

67 2741 162 2818 quos
189 2714 363 2814 plurimos
388 2708 422 2788 ln
451 2706 614 2788 eamdem
644 2711 973 2790 sententiantium
996 2717 1113 2816 expli.

68 2832 250 2904 cntionem
269 2822 307 2913 o)
337 2825 369 2902 S.
388 2823 576 2923 Augustini
594 2821 733 2898 allatam
756 2826 861 2908 citat,
884 2825 955 2923 ipse
977 2823 1024 2903 fic
1055 2829 1113 2904 to-

68 2943 204 3046 quitur:
218 2987 240 3030 ‚,
260 2937 342 3015 Dici
364 2940 516 3036 nequit,
533 2933 739 3012 Romanum
759 2938 951 3033 imperium
969 2939 1039 3012 tem
1057 2943 1114 3016 in.

68 3104 91 3146 ‚,
120 3049 249 3128 teriille
267 3098 278 3136 ,
301 3053 396 3148 viget
412 3048 530 3125 adhuc
547 3051 582 3122 in
601 3049 755 3145 imperio
771 3045 1013 3134 Germanico,
1029 3048 1119 3130 licet

67 3214 90 3257 ,‚
121 3163 656 3265 maximeinrminutunrotque
684 3157 914 3236 infirmatum.
975 3161 1118 3241 Catho-

69 3330 90 3368 „
115 3274 181 3351 lica
214 3289 250 3349 et
275 3270 437 3351 Romana
459 3269 633 3358 Ecclesia.
663 3270 747 3346 licet
766 3286 900 3347 tantam
930 3273 1119 3370 pertulerit

68 3445 89 3482 „
121 3386 289 3462 inituram
308 3409 353 3462 ex
374 3383 560 3461 seceffione
578 3382 822 3490 plurimorum
848 3385 1008 3463 fitiorum
1032 3387 1115 3465 suo-

69 3556 91 3593 „
122 3520 231 3582 rum,
263 3497 387 3574 eodem
422 3494 560 3596 semper
589 3495 657 3572 est:
700 3493 785 3584 fides
809 3495 956 3582 eodem.
987 3500 1115 3580 eadem

67 3669 90 3703 ‚‚
123 3625 268 3686 morunt
304 3606 516 3708 disciplina,
557 3606 680 3683 eadent
712 3594 852 3694 Brona,
893 3610 1016 3685 eodem
1056 3637 1116 3691 ca.

63 3782 87 3817 2,
120 3725 218 3823 pita:
251 3721 363 3799 verbo
396 3726 493 3818 viget
517 3711 659 3808 adhuc,
703 3735 810 3822 atque
835 3720 880 3799 ad
913 3725 1039 3802 mundi
1061 3725 1119 3805 ol·

106 3934 459 4020 octor-oro·
974 3968 983 3976 ·
1039 4014 1055 4025 ,.

68 4025 177 4113 Tou·
211 4027 238 4115 l·
598 4012 631 4117 Ε
911 4071 964 4150 ,ᾗ
992 4022 1069 4137 qil!
