2506 4958
234 232 385 309 regnarat
407 202 538 300 carita·
561 205 933 290 intramnensi.
970 296 973 301 ,
1046 231 1098 309 4ς

61 366 275 454 Baiiieenses
304 373 368 451 sub
397 371 580 452 Friderico
602 373 688 473 imp.
717 395 785 473 pro
813 395 915 451 noro
944 373 1107 455 concilio

61 484 223 586 generali
250 486 516 585 congregando
547 486 687 562 instant.
757 485 843 580 Qua
874 485 919 564 de
951 509 989 562 te
1010 488 1108 566 edidi

61 595 102 688 a)
122 596 279 674 habitam
305 622 360 675 an.
390 617 506 692 ¹444·
536 599 572 674 in
592 597 752 675 concilio
772 594 952 677 Basrieensi
971 597 1108 678 sermo-

61 732 149 787 nem
176 709 321 787 Nicolai
345 710 479 787 abbatis
514 708 548 788 S.
568 706 668 787 sstaot
699 708 881 808 legatione
910 712 1107 810 imperato·
1214 780 1220 809 ,

61 824 112 900 ris
144 821 338 921 perfundi,
384 844 454 922 pro
488 821 656 899 tollendo
684 825 770 899 item
800 819 1011 911 schismate,
1049 849 1108 903 re.

61 933 314 1034 stituendaque
331 930 484 1030 Eugenii
505 927 571 1011 tv:
596 931 632 1012 P.
659 931 713 1010 Μ.
737 932 968 1011 obedientia:
999 930 1105 1037 quod

62 1045 215 1123 feliciter
236 1046 365 1125 sadum
384 1044 502 1124 Felice
515 1043 562 1123 V.
588 1047 755 1146 antipapa
776 1046 907 1145 sponte
925 1047 1104 1140 cedente,
1160 1088 1163 1106 ι

63 1156 252 1236 diffluente
275 1175 362 1236 vero
384 1159 474 1235 nivis
492 1159 598 1235 instar
627 1155 869 1236 conciliabulo
896 1155 1103 1252 Bafiieensa,
1223 1197 1228 1207 r

62 1267 112 1346 de
130 1293 206 1370 quo
228 1271 325 1347 iuvat
344 1269 404 1347 hic
420 1292 541 1349 rerum
567 1271 735 1348 ordinem
758 1290 807 1347 ex
830 1271 981 1371 epilogo
1006 1272 1104 1351 sum·

64 1403 134 1459 mre
152 1378 190 1474 d)
213 1382 402 1479 Augustini
434 1380 599 1469 Patritii,
630 1406 701 1484 qua
726 1381 948 1483 potissumum
979 1382 1027 1463 usa
1048 1384 1067 1461 s
1085 1431 1106 1454 .

63 1515 177 1583 mus,
220 1495 442 1582 adscribere,
460 1527 472 1554 ·
490 1495 591 1596 quod
618 1494 662 1572 ad
693 1519 768 1572 rem
803 1499 949 1574 attinet:
977 1493 1105 1591 „Post

61 1660 88 1698 „
117 1608 291 1706 primam,
322 1602 506 1703 (scribit)
535 1630 620 1685 cum
648 1605 817 1706 Eugenio
838 1610 1105 1703 reconciliatio-

62 1771 88 1810 „
118 1741 203 1794 nem
239 1719 312 1795 hoc
339 1717 536 1795 concilium
566 1717 643 1794 satis
675 1717 844 1818 frequens
872 1719 966 1806 suit,
996 1724 1104 1803 itaut

63 1828 312 1930 „aliquando
346 1827 479 1928 praeiati
514 1830 657 1905 circiter
689 1843 838 1905 centum
871 1830 1012 1908 insulari
1039 1830 1104 1909 ad·

61 1996 87 2034 „
118 1939 250 2027 essem,
289 1943 384 2016 inter
410 1961 506 2037 quos
539 1939 707 2016 undecim
742 1937 936 2017 cardinales
967 1938 1105 2022 Roma.

61 2107 87 2145 ,‚
118 2075 171 2129 nae
198 2049 351 2129 ecclesiae
378 2051 755 2139 connumerabuntur,
783 2050 970 2153 multaque
990 2053 1105 2136 sanda

63 2219 89 2258 „
118 2179 154 2239 et
191 2166 330 2262 optima
358 2164 517 2241 instituta
540 2160 622 2242 sunt
646 2161 760 2241 edita:
781 2162 840 2243 sed
857 2163 1037 2243 crescente
1064 2169 1105 2246 in
1141 2178 1144 2183 ’
1177 2183 1180 2188 ·

63 2329 88 2369 „
117 2276 191 2352 dies
213 2272 449 2363 dissenfione,
478 2299 564 2353 cum
607 2275 813 2375 apostolicae
833 2275 922 2354 sedis
945 2277 1105 2377 dignita·

63 2441 87 2478 „
118 2403 191 2463 tem
218 2394 372 2464 omnino
401 2387 626 2485 prosternere
659 2403 907 2478 conarentur,
936 2393 1104 2491 optimus

65 2553 89 2592 „
119 2503 270 2601 quisque
305 2499 476 2578 disceisrt:
508 2503 555 2576 ita
585 2514 625 2578 ut
650 2523 735 2579 cum
769 2501 945 2579 iudicium
973 2519 1104 2585 contra

64 2665 88 2704 „
118 2611 322 2710 Eugenium
341 2617 583 2698 intentarent,
616 2613 676 2688 vix
704 2614 862 2710 viginti,
892 2628 954 2690 aut
975 2619 1105 2715 trigiu·
1186 2638 1189 2643 ·

64 2773 88 2816 ‚‚
119 2739 152 2800 ta
179 2725 222 2798 ad
248 2725 427 2801 summum
453 2721 592 2799 insuiati
619 2721 801 2809 adessent,
831 2738 869 2801 et
885 2725 922 2801 in
947 2729 1023 2803 eius
1043 2726 1107 2804 de·

67 2885 91 2926 „
121 2833 299 2937 positione
325 2834 458 2934 septem
483 2848 624 2910 tantum
656 2831 820 2935 Episcopi
847 2836 1105 2919 interfuerunt.

67 3001 91 3039 „
123 2949 414 3026 Admittebantur
440 2944 611 3048 fiquidem
631 2947 674 3022 ad
696 2943 942 3037 definitiones,
974 2965 1011 3026 et
1027 2946 1105 3027 sao·

66 3111 90 3152 „
119 3061 245 3137 cienda
269 3060 437 3160 decreta,
479 3081 557 3135 non
597 3056 711 3135 modo
739 3057 928 3159 episcopi,
974 3077 1011 3140 et
1042 3060 1107 3139 ab·

67 3225 92 3262 „
120 3173 242 3259 bates,
276 3173 332 3248 sed
360 3170 577 3272 theologia,
615 3173 699 3249 iuris
725 3174 931 3273 utriusque,
961 3187 997 3250 et
1023 3173 1107 3251 asia·

67 3338 91 3376 „
122 3308 203 3361 rum
237 3284 480 3362 doctrinarum
511 3281 747 3383 professores,
791 3306 885 3384 quoe
904 3286 1105 3385 graduatoa

65 3448 89 3488 „
120 3397 318 3496 appeliant:
347 3411 424 3472 torn
461 3394 686 3474 ecclesiarum
712 3398 907 3484 canonici,
938 3413 974 3472 et
994 3419 1105 3497 paro.

68 3562 92 3600 „
122 3509 292 3585 chialium
326 3508 511 3594 redimes,
565 3510 670 3585 iurati
696 3524 817 3586 tamen
857 3532 1015 3588 omnen:
1052 3512 1103 3590 ita

70 3674 92 3711 ,‚
124 3634 255 3697 utnon
275 3623 425 3698 minoris
458 3618 541 3697 esset
564 3620 782 3699 auctoritatis
801 3618 967 3722 fimplicia
990 3644 1104 3700 cano·

69 3787 92 3825 ,
123 3734 218 3820 nici,
255 3755 364 3834 quam
406 3733 565 3835 episcopi
587 3737 786 3838 cuiuspiam
812 3731 1008 3814 sanctissimi
1033 3733 1106 3815 suf·

112 3949 146 4020 a)
168 3942 241 4010 cod.
269 3945 381 4026 probat
406 3945 467 4010 hit.
492 3947 564 4014 silv.
588 3948 671 4029 Nigr.
696 3966 725 4029 p.
753 3967 824 4031 ¹5²·
923 3905 948 3948 ³
974 3846 1046 3930 fu.

112 4035 146 4114 b)
167 4030 271 4115 Suppl,
295 4032 331 4098 Τ.
358 4030 393 4101 V,
419 4049 504 4098 conc.
522 4035 621 4100 Germ.
642 4052 673 4117 p.
696 4043 768 4118 8⁶⁹·
