2506 4958
261 229 414 309 regnum
447 200 574 307 Christi
602 204 642 282 iu
671 204 791 283 terris.
821 227 849 282 c.
879 199 967 317 VII.
1094 226 1144 309 ας
1211 300 1224 335 Ι,

131 374 134 385 ’
169 373 202 463 S.
243 371 448 470 Gregorius
506 365 556 456 tt
607 367 702 451 haud
747 365 917 463 obscure·
942 371 1153 468 proximum
1216 394 1220 401 ·

126 485 241 575 nundi
272 483 441 574 occasum
464 504 509 567 ex
540 480 796 564 calamitatibus
822 480 871 556 sui
905 485 969 562 aeri
1003 491 1151 585 arguit,

126 599 337 699 fidelesque,
380 593 480 694 quod
519 591 721 690 fugientem
755 592 1007 703 labentemque
1035 597 1154 683 adhoc

127 712 333 810 sequantur,
361 704 600 804 reprehendit
658 703 755 781 Tota
776 707 812 779 in
843 704 915 782 hoc
934 725 1154 805 argumento

126 824 271 908 versatae
287 818 327 898 L.
339 819 365 897 l.
385 815 510 900 homil.
529 814 557 901 l.
574 820 609 903 io
630 812 763 912 Erang.
785 831 820 892 et
838 816 964 901 homil.
982 818 1047 899 lV.
1067 846 1103 909 n·
1117 843 1155 904 2.

127 933 237 1012 lluinae
263 929 482 1034 ulnamque,
505 930 572 1014 ait,
601 929 693 1003 illius
717 950 816 1012 vocer
837 930 910 1005 eius
925 928 1021 1027 sunt.
1080 933 1157 1038 Qui

128 1051 285 1124 minutor
312 1047 460 1121 attritus.
488 1036 752 1136 tercuffionibus
780 1035 937 1136 oglerio
964 1040 1036 1137 sue
1069 1050 1156 1132 ceci.

130 1160 199 1242 dit,
228 1153 322 1252 quod
339 1159 412 1240 ione
425 1149 521 1231 notis
540 1154 737 1247 eproximo.
752 1173 904 1247 regnum
921 1150 1037 1243 aliud,
1065 1158 1159 1252 quod

127 1268 298 1367 sequitur,
326 1263 476 1354 odendis.
536 1261 618 1359 Ipds
644 1267 719 1340 ium
746 1274 780 1339 et
803 1261 962 1359 aquibus
987 1279 1154 1360 ametur,

131 1403 260 1457 tuturus
300 1375 354 1470 eil.
426 1375 511 1476 lpse
550 1378 623 1450 eius
657 1380 770 1455 ruine
803 1376 1022 1472 predicunt,
1068 1382 1162 1475 quod

134 1492 292 1577 ornandus
311 1512 382 1574 rrort
394 1486 447 1577 tsi·
504 1486 661 1576 Breviter
680 1488 713 1565 S.
730 1487 900 1567 Pontifex
917 1486 957 1577 L.
972 1488 996 1567 Ι.
1016 1510 1071 1591 ep.
1097 1514 1157 1570 rr.

137 1606 173 1679 ad
205 1605 443 1684 Clementiam
477 1602 692 1700 patriciam,
716 1593 814 1683 'eam
849 1599 894 1675 ad
930 1616 1160 1682 contemtum

136 1716 249 1791 mundi
265 1715 455 1799 hortatus,
486 1714 610 1797 cuius,
641 1710 779 1797 scribit,
808 1715 917 1793 ruina
935 1716 977 1788 r'n-
991 1712 1069 1809 ipsu
1085 1719 1159 1792 ium

138 1821 488 1922 causaremeffeurlus
516 1821 776 1919 comprobatur.
833 1823 900 1899 Sed
918 1823 1000 1907 huic
1025 1849 1086 1901 nos
1101 1827 1161 1925 so·

139 1934 208 2012 lrrtr'
232 1938 324 2022 decet
353 1933 582 2027 convertiouir
609 1931 744 2011 cautela
767 1930 996 2028 subducere,
1036 1937 1162 2034 nesure

140 2071 188 2123 ror
202 2048 319 2146 seeum
349 2050 487 2142 pariter
513 2048 622 2120 ruina
652 2038 897 2139 circumplicet.
956 2043 1002 2133 Et
1031 2045 1091 2124 lib.
1114 2047 1158 2128 ll.

88 2175 90 2179 ·
143 2158 249 2235 homil.
281 2156 463 2248 XXVlll.
494 2155 577 2235 Ecce
595 2159 670 2231 ium
691 2154 865 2242 mundus,
895 2158 968 2245 ait,
999 2155 1161 2258 inseipso

88 2350 91 2357 ,
145 2274 246 2359 orrrit,
277 2283 311 2347 et
329 2268 440 2352 oddus
453 2271 491 2343 in
518 2265 678 2344 cordibus
706 2264 829 2354 nolluit
843 2262 962 2360 floret.
1024 2266 1161 2368 Ubique

88 2366 93 2481 J
145 2406 249 2471 mors,
288 2381 413 2479 ubique
439 2379 574 2466 lulius,
611 2378 735 2475 ubique
762 2377 952 2476 desolatio:
1006 2383 1158 2481 undique

91 2532 96 2573 -,
145 2498 373 2590 pertenientia,
404 2493 554 2588 undique
587 2490 883 2576 amaritudinibus
919 2493 1160 2592 completurum

92 2626 96 2633 ·
147 2617 171 2678 rt
189 2618 298 2682 tomen
328 2628 414 2690 caeo
449 2615 561 2680 mente
585 2603 738 2681 carnalis
769 2605 1042 2699 concupiscentie
1069 2610 1162 2706 ipsus

150 2720 207 2814 tius
219 2717 470 2794 amaritudines
487 2738 643 2791 amemus
656 2771 666 2802 ,
679 2711 944 2812 fugientemque
950 2715 1159 2812 sequimur,

147 2824 257 2905 lulenti
285 2830 499 2906 inhaeremut.
557 2826 601 2904 et
619 2830 701 2922 quia
720 2824 889 2902 labentem
909 2829 1064 2905 retinere
1091 2851 1162 2906 non

147 2939 321 3038 possumus,
360 2964 440 3016 cum
465 2937 536 3036 ipso
564 2936 742 3025 labimur,
782 2961 882 3034 quern
909 2939 1083 3015 rudentem
1113 2952 1165 3017 te·

148 3073 257 3130 nemus.
318 3051 512 3149 Aliquando
534 3051 681 3126 mondus
706 3048 924 3126 deleitotione
938 3046 1003 3141 tri
1019 3073 1082 3127 nos
1115 3062 1167 3128 tr.

149 3168 238 3239 nuit:
276 3188 369 3239 nunc
401 3166 510 3239 tontis
533 3162 649 3260 plagis
676 3159 797 3259 plenus
828 3159 898 3248 cll,
928 3173 969 3236 ut
989 3160 1062 3259 ipse
1090 3164 1167 3241 ium

151 3277 279 3352 nundus
304 3279 426 3351 mittor
453 3298 514 3351 nos
542 3275 588 3351 od
611 3273 733 3350 Deum.
791 3273 948 3351 Andreas
975 3272 1173 3353 Caesarien-¹

149 3382 180 3462 lis
203 3393 237 3465 in
260 3389 522 3479 commentario
543 3386 650 3486 super·
672 3385 909 3485 Apocalypsin
934 3409 1061 3463 eorum
1091 3387 1169 3465 sen·

150 3504 251 3577 tentiae
283 3500 443 3585 accedit,
484 3501 546 3598 qui
574 3497 767 3575 adrentum
805 3495 936 3575 Christi
972 3497 1166 3577 secondum

136 3609 231 3699 ¹tuille
254 3611 335 3709 post
360 3613 517 3709 primum
544 3612 644 3685 annis
673 3609 854 3685 statuunt:
904 3632 982 3708 quae
1011 3616 1169 3689 maxime

152 3739 327 3821 pervagata
359 3724 491 3823 opinio,
527 3719 716 3822 completis
744 3719 843 3797 mille
869 3724 970 3798 anuis
998 3720 1074 3799 sec.
1096 3721 1165 3800 Xl.

1003 3856 1115 3910 rmros

170 3984 198 4061 e)
215 3984 250 4049 t.
270 3985 293 4049 l.
316 4007 346 4066 p.
372 3993 460 4070 ¹43⁶·
485 3989 540 4053 &o
563 3989 600 4051 il.
622 4005 652 4066 p.
682 3990 770 4064 1446.
793 3986 847 4052 &n
898 4083 903 4099 .
