<?xml version="1.0" encoding="UTF-8"?>
<!DOCTYPE html PUBLIC "-//W3C//DTD XHTML 1.0 Transitional//EN"
    "http://www.w3.org/TR/xhtml1/DTD/xhtml1-transitional.dtd">
<html xmlns="http://www.w3.org/1999/xhtml" xml:lang="en" lang="en">
 <head>
  <title>
</title>
<meta http-equiv="Content-Type" content="text/html;charset=utf-8" />
  <meta name='ocr-system' content='tesseract 3.04.00' />
  <meta name='ocr-capabilities' content='ocr_page ocr_carea ocr_par ocr_line ocrx_word'/>
</head>
<body>
  <div class='ocr_page' id='page_1' title='image "./ecclesiamilitan01gerbgoog_0212.png"; bbox 0 0 2506 4958; ppageno 0'>
   <div class='ocr_carea' id='block_1_1' title="bbox 81 206 1141 315">
    <p class='ocr_par' dir='ltr' id='par_1_1' title="bbox 81 206 1141 315">
     <span class='ocr_line' id='line_1_1' title="bbox 81 206 1141 315; baseline -0.008 -16"><span class='ocrx_word' id='word_1_1' title='bbox 81 206 85 213; x_wconf 72' lang='grc'><strong>’</strong></span> <span class='ocrx_word' id='word_1_2' title='bbox 194 240 344 315; x_wconf 77' lang='lat' dir='ltr'><strong>regnum</strong></span> <span class='ocrx_word' id='word_1_3' title='bbox 376 213 504 308; x_wconf 74' lang='lat' dir='ltr'><strong>Carini</strong></span> <span class='ocrx_word' id='word_1_4' title='bbox 531 217 571 294; x_wconf 83' lang='lat' dir='ltr'><strong>in</strong></span> <span class='ocrx_word' id='word_1_5' title='bbox 598 217 715 299; x_wconf 80' lang='lat' dir='ltr'><strong>terris.</strong></span> <span class='ocrx_word' id='word_1_6' title='bbox 747 239 776 296; x_wconf 87' lang='lat' dir='ltr'><strong>c.</strong></span> <span class='ocrx_word' id='word_1_7' title='bbox 796 212 939 297; x_wconf 82' lang='lat' dir='ltr'><em>XXIV.</em></span> <span class='ocrx_word' id='word_1_8' title='bbox 1017 233 1095 313; x_wconf 83' lang='lat'>&#39;¹89</span> <span class='ocrx_word' id='word_1_9' title='bbox 1132 262 1141 273; x_wconf 92' lang='lat'>-</span> 
     </span>
    </p>
   </div>
   <div class='ocr_carea' id='block_1_2' title="bbox 19 379 1229 1705">
    <p class='ocr_par' dir='ltr' id='par_1_2' title="bbox 19 379 1229 1705">
     <span class='ocr_line' id='line_1_2' title="bbox 19 379 1096 483; baseline 0.001 -25"><span class='ocrx_word' id='word_1_10' title='bbox 19 438 25 445; x_wconf 85' lang='lat'>-</span> <span class='ocrx_word' id='word_1_11' title='bbox 60 438 86 477; x_wconf 89' lang='lat'><strong>‚,</strong></span> <span class='ocrx_word' id='word_1_12' title='bbox 104 385 290 483; x_wconf 80' lang='lat' dir='ltr'><strong>penuria,</strong></span> <span class='ocrx_word' id='word_1_13' title='bbox 321 380 519 456; x_wconf 75' lang='lat' dir='ltr'><strong>carceribus</strong></span> <span class='ocrx_word' id='word_1_14' title='bbox 542 394 584 456; x_wconf 88' lang='lat' dir='ltr'><strong>et·</strong></span> <span class='ocrx_word' id='word_1_15' title='bbox 601 379 715 455; x_wconf 84' lang='lat' dir='ltr'><strong>exiliis</strong></span> <span class='ocrx_word' id='word_1_16' title='bbox 742 379 858 458; x_wconf 84' lang='lat' dir='ltr'><strong>Amos</strong></span> <span class='ocrx_word' id='word_1_17' title='bbox 878 380 1096 482; x_wconf 89' lang='lat' dir='ltr'><strong>prophetam</strong></span> 
     </span>
     <span class='ocr_line' id='line_1_3' title="bbox 64 490 1099 587; baseline -0.001 -16"><span class='ocrx_word' id='word_1_18' title='bbox 64 546 90 587; x_wconf 78' lang='lat'>„</span> <span class='ocrx_word' id='word_1_19' title='bbox 117 510 155 571; x_wconf 89' lang='lat' dir='ltr'><strong>et</strong></span> <span class='ocrx_word' id='word_1_20' title='bbox 179 491 376 568; x_wconf 81' lang='lat' dir='ltr'>sacerdotes</span> <span class='ocrx_word' id='word_1_21' title='bbox 400 492 554 568; x_wconf 84' lang='lat' dir='ltr'><strong>Domini</strong></span> <span class='ocrx_word' id='word_1_22' title='bbox 574 509 803 569; x_wconf 87' lang='lat' dir='ltr'><strong>necaverunt.</strong></span> <span class='ocrx_word' id='word_1_23' title='bbox 813 548 835 584; x_wconf 88' lang='lat'>„</span> <span class='ocrx_word' id='word_1_24' title='bbox 894 490 1099 584; x_wconf 84' lang='lat' dir='ltr'><strong>Orosrueo)</strong></span> 
     </span>
     <span class='ocr_line' id='line_1_4' title="bbox 64 590 1098 702; baseline 0.001 -19"><span class='ocrx_word' id='word_1_25' title='bbox 64 604 208 683; x_wconf 80' lang='lat' dir='ltr'><strong>scribit:</strong></span> <span class='ocrx_word' id='word_1_26' title='bbox 239 603 431 700; x_wconf 80' lang='lat' dir='ltr'><strong>„Maligna</strong></span> <span class='ocrx_word' id='word_1_27' title='bbox 461 601 599 702; x_wconf 82' lang='lat' dir='ltr'>semper</span> <span class='ocrx_word' id='word_1_28' title='bbox 627 590 791 679; x_wconf 79' lang='lat' dir='ltr'><strong>adversus</strong></span> <span class='ocrx_word' id='word_1_29' title='bbox 817 603 942 682; x_wconf 91' lang='lat' dir='ltr'><strong>Deum</strong></span> <span class='ocrx_word' id='word_1_30' title='bbox 963 626 1098 684; x_wconf 86' lang='lat' dir='ltr'><strong>-verum</strong></span> 
     </span>
     <span class='ocr_line' id='line_1_5' title="bbox 61 713 1097 817; baseline 0.003 -23"><span class='ocrx_word' id='word_1_31' title='bbox 61 773 86 811; x_wconf 83' lang='lat'>„</span> <span class='ocrx_word' id='word_1_32' title='bbox 116 714 297 795; x_wconf 71' lang='lat' dir='ltr'><strong>infestatio</strong></span> <span class='ocrx_word' id='word_1_33' title='bbox 326 713 485 801; x_wconf 89' lang='lat' dir='ltr'><strong>diaboli,</strong></span> <span class='ocrx_word' id='word_1_34' title='bbox 522 736 602 812; x_wconf 88' lang='lat' dir='ltr'><strong>quae</strong></span> <span class='ocrx_word' id='word_1_35' title='bbox 627 717 672 789; x_wconf 90' lang='lat' dir='ltr'><strong>ab</strong></span> <span class='ocrx_word' id='word_1_36' title='bbox 694 715 799 791; x_wconf 90' lang='lat' dir='ltr'><strong>initio</strong></span> <span class='ocrx_word' id='word_1_37' title='bbox 828 716 953 793; x_wconf 88' lang='lat' dir='ltr'><strong>mundi</strong></span> <span class='ocrx_word' id='word_1_38' title='bbox 987 715 1097 817; x_wconf 87' lang='lat' dir='ltr'><strong>usque</strong></span> 
     </span>
     <span class='ocr_line' id='line_1_6' title="bbox 65 823 1097 927; baseline 0 -22"><span class='ocrx_word' id='word_1_39' title='bbox 65 884 90 921; x_wconf 83' lang='lat'>„</span> <span class='ocrx_word' id='word_1_40' title='bbox 118 848 218 905; x_wconf 90' lang='lat' dir='ltr'><strong>nunc</strong></span> <span class='ocrx_word' id='word_1_41' title='bbox 243 850 261 900; x_wconf 91' lang='lat' dir='ltr'><strong>a</strong></span> <span class='ocrx_word' id='word_1_42' title='bbox 283 823 420 902; x_wconf 81' lang='lat' dir='ltr'><strong>sincero</strong></span> <span class='ocrx_word' id='word_1_43' title='bbox 451 823 532 900; x_wconf 82' lang='lat' dir='ltr'><strong>fidei</strong></span> <span class='ocrx_word' id='word_1_44' title='bbox 559 825 816 927; x_wconf 81' lang='lat' dir='ltr'><strong>religioniaque</strong></span> <span class='ocrx_word' id='word_1_45' title='bbox 844 829 1009 913; x_wconf 84' lang='lat' dir='ltr'><strong>tramite,</strong></span> <span class='ocrx_word' id='word_1_46' title='bbox 1041 829 1097 905; x_wconf 90' lang='lat' dir='ltr'><strong>os-</strong></span> 
     </span>
     <span class='ocr_line' id='line_1_7' title="bbox 66 935 1099 1033; baseline 0.002 -16"><span class='ocrx_word' id='word_1_47' title='bbox 66 995 90 1033; x_wconf 88' lang='lat'><strong>,‚</strong></span> <span class='ocrx_word' id='word_1_48' title='bbox 117 936 388 1017; x_wconf 76' lang='lat' dir='ltr'><strong>subterratum</strong></span> <span class='ocrx_word' id='word_1_49' title='bbox 420 935 580 1023; x_wconf 83' lang='lat' dir='ltr'><strong>nebulis,</strong></span> <span class='ocrx_word' id='word_1_50' title='bbox 611 936 745 1013; x_wconf 84' lang='lat' dir='ltr'><strong>lubrica</strong></span> <span class='ocrx_word' id='word_1_51' title='bbox 770 937 962 1015; x_wconf 89' lang='lat' dir='ltr'><strong>bominum</strong></span> <span class='ocrx_word' id='word_1_52' title='bbox 984 941 1099 1019; x_wconf 87' lang='lat' dir='ltr'><strong>corda</strong></span> 
     </span>
     <span class='ocr_line' id='line_1_8' title="bbox 57 1046 1229 1152; baseline 0.003 -26"><span class='ocrx_word' id='word_1_53' title='bbox 57 1089 90 1143; x_wconf 83' lang='lat'><strong>·„</strong></span> <span class='ocrx_word' id='word_1_54' title='bbox 118 1050 324 1152; x_wconf 86' lang='lat' dir='ltr'><strong>perturbat,</strong></span> <span class='ocrx_word' id='word_1_55' title='bbox 355 1049 543 1148; x_wconf 89' lang='lat' dir='ltr'><strong>postquam</strong></span> <span class='ocrx_word' id='word_1_56' title='bbox 586 1046 782 1125; x_wconf 85' lang='lat' dir='ltr'><strong>christianis</strong></span> <span class='ocrx_word' id='word_1_57' title='bbox 818 1050 1097 1151; x_wconf 78' lang='lat' dir='ltr'><strong>imperatoribus</strong></span> <span class='ocrx_word' id='word_1_58' title='bbox 1225 1130 1229 1149; x_wconf 65' lang='grc'>,</span> 
     </span>
     <span class='ocr_line' id='line_1_9' title="bbox 67 1158 1098 1259; baseline 0 -20"><span class='ocrx_word' id='word_1_59' title='bbox 67 1218 93 1255; x_wconf 88' lang='lat'>„</span> <span class='ocrx_word' id='word_1_60' title='bbox 119 1161 297 1239; x_wconf 88' lang='lat' dir='ltr'><strong>summam</strong></span> <span class='ocrx_word' id='word_1_61' title='bbox 330 1163 437 1258; x_wconf 84' lang='lat' dir='ltr'><strong>regiae</strong></span> <span class='ocrx_word' id='word_1_62' title='bbox 466 1158 648 1259; x_wconf 88' lang='lat' dir='ltr'><strong>potestatis</strong></span> <span class='ocrx_word' id='word_1_63' title='bbox 680 1164 716 1235; x_wconf 90' lang='lat' dir='ltr'><strong>in</strong></span> <span class='ocrx_word' id='word_1_64' title='bbox 753 1161 900 1237; x_wconf 87' lang='lat' dir='ltr'><strong>meliora</strong></span> <span class='ocrx_word' id='word_1_65' title='bbox 926 1166 1098 1239; x_wconf 85' lang='lat' dir='ltr'><strong>vertenti·</strong></span> 
     </span>
     <span class='ocr_line' id='line_1_10' title="bbox 66 1269 1098 1375; baseline 0.004 -26"><span class='ocrx_word' id='word_1_66' title='bbox 66 1330 91 1367; x_wconf 79' lang='lat'>„</span> <span class='ocrx_word' id='word_1_67' title='bbox 118 1274 209 1357; x_wconf 83' lang='lat' dir='ltr'><strong>bus,</strong></span> <span class='ocrx_word' id='word_1_68' title='bbox 243 1269 427 1353; x_wconf 81' lang='lat' dir='ltr'><strong>Ecclesiam</strong></span> <span class='ocrx_word' id='word_1_69' title='bbox 446 1269 577 1350; x_wconf 82' lang='lat' dir='ltr'><strong>Christi</strong></span> <span class='ocrx_word' id='word_1_70' title='bbox 598 1269 682 1348; x_wconf 89' lang='lat' dir='ltr'><strong>zelo</strong></span> <span class='ocrx_word' id='word_1_71' title='bbox 702 1271 915 1349; x_wconf 76' lang='lat' dir='ltr'><strong>idololatria</strong></span> <span class='ocrx_word' id='word_1_72' title='bbox 934 1274 1098 1375; x_wconf 81' lang='lat' dir='ltr'><strong>persequi</strong></span> 
     </span>
     <span class='ocr_line' id='line_1_11' title="bbox 65 1382 1093 1485; baseline 0.002 -24"><span class='ocrx_word' id='word_1_73' title='bbox 65 1440 90 1478; x_wconf 86' lang='lat'><strong>‚‚</strong></span> <span class='ocrx_word' id='word_1_74' title='bbox 117 1384 271 1470; x_wconf 84' lang='lat' dir='ltr'><strong>destitit,</strong></span> <span class='ocrx_word' id='word_1_75' title='bbox 292 1383 386 1460; x_wconf 89' lang='lat' dir='ltr'><strong>aliud</strong></span> <span class='ocrx_word' id='word_1_76' title='bbox 402 1382 752 1470; x_wconf 90' lang='lat' dir='ltr'><strong>machinamentum,</strong></span> <span class='ocrx_word' id='word_1_77' title='bbox 766 1407 843 1485; x_wconf 91' lang='lat' dir='ltr'><strong>quo</strong></span> <span class='ocrx_word' id='word_1_78' title='bbox 862 1408 926 1483; x_wconf 89' lang='lat' dir='ltr'><strong>per</strong></span> <span class='ocrx_word' id='word_1_79' title='bbox 944 1386 1093 1464; x_wconf 91' lang='lat' dir='ltr'><strong>eosdem</strong></span> 
     </span>
     <span class='ocr_line' id='line_1_12' title="bbox 64 1492 1095 1592; baseline -0.001 -18"><span class='ocrx_word' id='word_1_80' title='bbox 64 1551 91 1589; x_wconf 84' lang='lat'>„</span> <span class='ocrx_word' id='word_1_81' title='bbox 119 1495 327 1574; x_wconf 85' lang='lat' dir='ltr'><strong>christianos</strong></span> <span class='ocrx_word' id='word_1_82' title='bbox 345 1492 708 1592; x_wconf 85' lang='lat' dir='ltr'><strong>imperatorestristi</strong></span> <span class='ocrx_word' id='word_1_83' title='bbox 721 1492 909 1573; x_wconf 85' lang='lat' dir='ltr'><strong>Eccsefiam</strong></span> <span class='ocrx_word' id='word_1_84' title='bbox 926 1512 1095 1587; x_wconf 83' lang='lat' dir='ltr'><strong>vexaret,</strong></span> 
     </span>
     <span class='ocr_line' id='line_1_13' title="bbox 69 1604 1058 1705; baseline 0.003 -23"><span class='ocrx_word' id='word_1_85' title='bbox 69 1663 93 1701; x_wconf 80' lang='lat'>„</span> <span class='ocrx_word' id='word_1_86' title='bbox 123 1609 305 1698; x_wconf 79' lang='lat' dir='ltr'><strong>invenit„</strong></span> <span class='ocrx_word' id='word_1_87' title='bbox 336 1606 420 1704; x_wconf 81' lang='lat' dir='ltr'><strong>Agit</strong></span> <span class='ocrx_word' id='word_1_88' title='bbox 441 1629 527 1682; x_wconf 86' lang='lat' dir='ltr'><strong>vero</strong></span> <span class='ocrx_word' id='word_1_89' title='bbox 546 1605 591 1682; x_wconf 92' lang='lat' dir='ltr'><strong>de</strong></span> <span class='ocrx_word' id='word_1_90' title='bbox 611 1604 729 1684; x_wconf 87' lang='lat' dir='ltr'><strong>baeresi</strong></span> <span class='ocrx_word' id='word_1_91' title='bbox 747 1606 875 1684; x_wconf 84' lang='lat' dir='ltr'><strong>Ariana</strong></span> <span class='ocrx_word' id='word_1_92' title='bbox 895 1605 1058 1705; x_wconf 77' lang='lat' dir='ltr'><strong>Orosius.</strong></span> 
     </span>
    </p>
   </div>
   <div class='ocr_carea' id='block_1_3' title="bbox 600 1781 1097 1807">
    <p class='ocr_par' dir='ltr' id='par_1_3' title="bbox 600 1781 1097 1807">
     <span class='ocr_line' id='line_1_14' title="bbox 600 1781 1097 1807; baseline 0.01 -5"><span class='ocrx_word' id='word_1_93' title='bbox 600 1781 1097 1807; x_wconf 53' lang='grc' dir='ltr'><em>Ἣ</em></span> 
     </span>
    </p>
   </div>
   <div class='ocr_carea' id='block_1_4' title="bbox 129 1885 1042 2077">
    <p class='ocr_par' dir='ltr' id='par_1_4' title="bbox 129 1885 1042 2077">
     <span class='ocr_line' id='line_1_15' title="bbox 129 1885 1042 2075; baseline -0.001 -109"><span class='ocrx_word' id='word_1_94' title='bbox 129 1885 368 1978; x_wconf 66' lang='lat' dir='ltr'><strong>Constantinus</strong></span> <span class='ocrx_word' id='word_1_95' title='bbox 396 1886 456 1965; x_wconf 91' lang='lat' dir='ltr'><strong>M.</strong></span> <span class='ocrx_word' id='word_1_96' title='bbox 487 1885 537 1977; x_wconf 26' lang='lat' dir='ltr'><strong>ub,</strong></span> <span class='ocrx_word' id='word_1_97' title='bbox 562 1889 707 2075; x_wconf 56' lang='lat' dir='ltr'><strong>grieria</strong></span> <span class='ocrx_word' id='word_1_98' title='bbox 735 1893 776 1966; x_wconf 86' lang='lat' dir='ltr'><strong>in</strong></span> <span class='ocrx_word' id='word_1_99' title='bbox 799 1886 1042 1988; x_wconf 79' lang='lat' dir='ltr'><strong>transuersum</strong></span> 
     </span>
     <span class='ocr_line' id='line_1_16' title="bbox 538 2021 642 2077; baseline 0.019 -2"><span class='ocrx_word' id='word_1_100' title='bbox 538 2022 560 2075; x_wconf 90' lang='lat' dir='ltr'><strong>a</strong></span> <span class='ocrx_word' id='word_1_101' title='bbox 593 2021 642 2077; x_wconf 86' lang='lat' dir='ltr'><strong>ur.</strong></span> 
     </span>
    </p>
   </div>
   <div class='ocr_carea' id='block_1_5' title="bbox 66 2102 1200 4137">
    <p class='ocr_par' dir='ltr' id='par_1_5' title="bbox 66 2102 1200 4137">
     <span class='ocr_line' id='line_1_17' title="bbox 66 2102 1094 2280; baseline -0.004 -38"><span class='ocrx_word' id='word_1_102' title='bbox 66 2102 289 2280; x_wconf 80' lang='lat' dir='ltr'><strong>Postquam</strong></span> <span class='ocrx_word' id='word_1_103' title='bbox 325 2159 582 2241; x_wconf 81' lang='lat' dir='ltr'><strong>Constantinus</strong></span> <span class='ocrx_word' id='word_1_104' title='bbox 614 2184 672 2238; x_wconf 90' lang='lat' dir='ltr'><strong>an.</strong></span> <span class='ocrx_word' id='word_1_105' title='bbox 724 2178 815 2253; x_wconf 80' lang='lat'><strong>311.</strong></span> <span class='ocrx_word' id='word_1_106' title='bbox 864 2154 1094 2240; x_wconf 85' lang='lat' dir='ltr'><strong>christianum</strong></span> 
     </span>
     <span class='ocr_line' id='line_1_18' title="bbox 155 2265 1096 2374; baseline 0 -24"><span class='ocrx_word' id='word_1_107' title='bbox 155 2298 291 2351; x_wconf 91' lang='lat' dir='ltr'><strong>nomen</strong></span> <span class='ocrx_word' id='word_1_108' title='bbox 320 2265 514 2374; x_wconf 80' lang='lat' dir='ltr'><strong>professus,</strong></span> <span class='ocrx_word' id='word_1_109' title='bbox 544 2272 646 2350; x_wconf 87' lang='lat' dir='ltr'><strong>editis</strong></span> <span class='ocrx_word' id='word_1_110' title='bbox 668 2298 721 2349; x_wconf 90' lang='lat' dir='ltr'><strong>an.</strong></span> <span class='ocrx_word' id='word_1_111' title='bbox 750 2293 841 2365; x_wconf 78' lang='lat'><strong>323.</strong></span> <span class='ocrx_word' id='word_1_112' title='bbox 870 2272 990 2351; x_wconf 67' lang='lat' dir='ltr'><strong>edistis</strong></span> <span class='ocrx_word' id='word_1_113' title='bbox 1020 2277 1096 2351; x_wconf 85' lang='lat' dir='ltr'><strong>eiua</strong></span> 
     </span>
     <span class='ocr_line' id='line_1_19' title="bbox 72 2384 1094 2488; baseline 0.002 -23"><span class='ocrx_word' id='word_1_114' title='bbox 72 2390 318 2488; x_wconf 85' lang='lat' dir='ltr'><strong>patrocinium</strong></span> <span class='ocrx_word' id='word_1_115' title='bbox 346 2410 385 2461; x_wconf 91' lang='lat' dir='ltr'><strong>ac</strong></span> <span class='ocrx_word' id='word_1_116' title='bbox 405 2384 551 2461; x_wconf 87' lang='lat' dir='ltr'><strong>tutelam</strong></span> <span class='ocrx_word' id='word_1_117' title='bbox 574 2384 789 2485; x_wconf 85' lang='lat' dir='ltr'><strong>susceperat,</strong></span> <span class='ocrx_word' id='word_1_118' title='bbox 820 2385 925 2464; x_wconf 82' lang='lat' dir='ltr'><strong>Arius</strong></span> <span class='ocrx_word' id='word_1_119' title='bbox 948 2389 1015 2461; x_wconf 85' lang='lat' dir='ltr'><strong>iarn</strong></span> <span class='ocrx_word' id='word_1_120' title='bbox 1039 2410 1094 2467; x_wconf 82' lang='lat' dir='ltr'><strong>an.</strong></span> 
     </span>
     <span class='ocr_line' id='line_1_20' title="bbox 74 2491 1129 2597; baseline 0 -24"><span class='ocrx_word' id='word_1_121' title='bbox 74 2517 165 2588; x_wconf 84' lang='lat'><strong>320.</strong></span> <span class='ocrx_word' id='word_1_122' title='bbox 193 2498 229 2574; x_wconf 88' lang='lat' dir='ltr'><strong>in</strong></span> <span class='ocrx_word' id='word_1_123' title='bbox 254 2498 391 2597; x_wconf 88' lang='lat' dir='ltr'><strong>synodo</strong></span> <span class='ocrx_word' id='word_1_124' title='bbox 417 2496 650 2573; x_wconf 83' lang='lat' dir='ltr'><strong>Alexandrina</strong></span> <span class='ocrx_word' id='word_1_125' title='bbox 675 2497 861 2575; x_wconf 81' lang='lat' dir='ltr'><strong>damnatus</strong></span> <span class='ocrx_word' id='word_1_126' title='bbox 882 2521 927 2574; x_wconf 87' lang='lat' dir='ltr'><strong>ex</strong></span> <span class='ocrx_word' id='word_1_127' title='bbox 949 2491 1098 2576; x_wconf 82' lang='lat' dir='ltr'><strong>Pasaesti-</strong></span> <span class='ocrx_word' id='word_1_128' title='bbox 1126 2492 1129 2496; x_wconf 59' lang='grc'><strong>’</strong></span> 
     </span>
     <span class='ocr_line' id='line_1_21' title="bbox 74 2605 1096 2710; baseline 0 -24"><span class='ocrx_word' id='word_1_129' title='bbox 74 2633 120 2686; x_wconf 87' lang='lat' dir='ltr'><strong>na</strong></span> <span class='ocrx_word' id='word_1_130' title='bbox 155 2607 406 2686; x_wconf 83' lang='lat' dir='ltr'><strong>Nicomediam</strong></span> <span class='ocrx_word' id='word_1_131' title='bbox 436 2609 480 2682; x_wconf 89' lang='lat' dir='ltr'><strong>ad</strong></span> <span class='ocrx_word' id='word_1_132' title='bbox 515 2605 705 2684; x_wconf 83' lang='lat' dir='ltr'><strong>Eusebium</strong></span> <span class='ocrx_word' id='word_1_133' title='bbox 742 2607 844 2710; x_wconf 90' lang='lat' dir='ltr'><strong>episc.</strong></span> <span class='ocrx_word' id='word_1_134' title='bbox 877 2610 910 2686; x_wconf 91' lang='lat' dir='ltr'><strong>se</strong></span> <span class='ocrx_word' id='word_1_135' title='bbox 941 2610 1096 2698; x_wconf 82' lang='lat' dir='ltr'><strong>confert,</strong></span> 
     </span>
     <span class='ocr_line' id='line_1_22' title="bbox 68 2717 1096 2821; baseline 0.001 -23"><span class='ocrx_word' id='word_1_136' title='bbox 68 2720 217 2821; x_wconf 82' lang='lat' dir='ltr'><strong>eiusque</strong></span> <span class='ocrx_word' id='word_1_137' title='bbox 246 2743 354 2821; x_wconf 87' lang='lat' dir='ltr'><strong>opera</strong></span> <span class='ocrx_word' id='word_1_138' title='bbox 382 2719 609 2797; x_wconf 87' lang='lat' dir='ltr'><strong>Constantini</strong></span> <span class='ocrx_word' id='word_1_139' title='bbox 635 2718 793 2794; x_wconf 89' lang='lat' dir='ltr'><strong>sororem</strong></span> <span class='ocrx_word' id='word_1_140' title='bbox 821 2717 883 2794; x_wconf 86' lang='lat' dir='ltr'><strong>stbi</strong></span> <span class='ocrx_word' id='word_1_141' title='bbox 914 2721 1096 2799; x_wconf 86' lang='lat' dir='ltr'><strong>conciliat.</strong></span> 
     </span>
     <span class='ocr_line' id='line_1_23' title="bbox 75 2825 1098 2910; baseline 0.001 -2"><span class='ocrx_word' id='word_1_142' title='bbox 75 2831 174 2909; x_wconf 89' lang='lat' dir='ltr'><strong>sdem</strong></span> <span class='ocrx_word' id='word_1_143' title='bbox 204 2836 309 2907; x_wconf 88' lang='lat' dir='ltr'><strong>etiam</strong></span> <span class='ocrx_word' id='word_1_144' title='bbox 341 2825 509 2909; x_wconf 80' lang='lat' dir='ltr'><strong>Eusebius</strong></span> <span class='ocrx_word' id='word_1_145' title='bbox 539 2827 668 2904; x_wconf 87' lang='lat' dir='ltr'><strong>flamen</strong></span> <span class='ocrx_word' id='word_1_146' title='bbox 695 2830 833 2907; x_wconf 85' lang='lat' dir='ltr'><strong>curialis</strong></span> <span class='ocrx_word' id='word_1_147' title='bbox 856 2829 1098 2910; x_wconf 88' lang='lat' dir='ltr'><strong>Constantino</strong></span> 
     </span>
     <span class='ocr_line' id='line_1_24' title="bbox 72 2941 1097 3042; baseline -0.003 -20"><span class='ocrx_word' id='word_1_148' title='bbox 72 2943 198 3022; x_wconf 74' lang='lat' dir='ltr'><strong>aussor</strong></span> <span class='ocrx_word' id='word_1_149' title='bbox 225 2941 325 3020; x_wconf 85' lang='lat' dir='ltr'><strong>fuisse</strong></span> <span class='ocrx_word' id='word_1_150' title='bbox 351 2943 528 3027; x_wconf 87' lang='lat' dir='ltr'><strong>creditur,</strong></span> <span class='ocrx_word' id='word_1_151' title='bbox 560 2955 600 3017; x_wconf 90' lang='lat' dir='ltr'><strong>ut</strong></span> <span class='ocrx_word' id='word_1_152' title='bbox 629 2942 833 3018; x_wconf 80' lang='lat' dir='ltr'><strong>ntexandro</strong></span> <span class='ocrx_word' id='word_1_153' title='bbox 863 2943 965 3042; x_wconf 84' lang='lat' dir='ltr'><strong>episc.</strong></span> <span class='ocrx_word' id='word_1_154' title='bbox 996 2942 1097 3020; x_wconf 78' lang='lat' dir='ltr'><strong>Alex.</strong></span> 
     </span>
     <span class='ocr_line' id='line_1_25' title="bbox 70 3051 1100 3154; baseline -0.001 -22"><span class='ocrx_word' id='word_1_155' title='bbox 70 3071 109 3132; x_wconf 85' lang='lat' dir='ltr'><strong>et</strong></span> <span class='ocrx_word' id='word_1_156' title='bbox 130 3054 216 3131; x_wconf 82' lang='lat' dir='ltr'><strong>Ario</strong></span> <span class='ocrx_word' id='word_1_157' title='bbox 241 3052 342 3131; x_wconf 87' lang='lat' dir='ltr'><strong>fimus</strong></span> <span class='ocrx_word' id='word_1_158' title='bbox 362 3055 495 3130; x_wconf 85' lang='lat' dir='ltr'><strong>litteras</strong></span> <span class='ocrx_word' id='word_1_159' title='bbox 519 3051 703 3139; x_wconf 86' lang='lat' dir='ltr'><strong>scriberet,</strong></span> <span class='ocrx_word' id='word_1_160' title='bbox 735 3057 771 3130; x_wconf 89' lang='lat' dir='ltr'><strong>in</strong></span> <span class='ocrx_word' id='word_1_161' title='bbox 795 3070 990 3153; x_wconf 88' lang='lat' dir='ltr'><strong>utrumque</strong></span> <span class='ocrx_word' id='word_1_162' title='bbox 1007 3058 1100 3154; x_wconf 88' lang='lat' dir='ltr'><strong>pari·</strong></span> 
     </span>
     <span class='ocr_line' id='line_1_26' title="bbox 67 3162 1099 3266; baseline 0.004 -24"><span class='ocrx_word' id='word_1_163' title='bbox 67 3182 128 3242; x_wconf 82' lang='lat' dir='ltr'><strong>ter</strong></span> <span class='ocrx_word' id='word_1_164' title='bbox 150 3167 329 3253; x_wconf 72' lang='lat' dir='ltr'><strong>invenus,</strong></span> <span class='ocrx_word' id='word_1_165' title='bbox 359 3166 458 3266; x_wconf 89' lang='lat' dir='ltr'><strong>quod</strong></span> <span class='ocrx_word' id='word_1_166' title='bbox 483 3179 616 3241; x_wconf 87' lang='lat' dir='ltr'><strong>tantam</strong></span> <span class='ocrx_word' id='word_1_167' title='bbox 650 3162 839 3242; x_wconf 86' lang='lat' dir='ltr'><strong>movissent</strong></span> <span class='ocrx_word' id='word_1_168' title='bbox 863 3167 1099 3265; x_wconf 71' lang='lat' dir='ltr'><strong>questionem</strong></span> 
     </span>
     <span class='ocr_line' id='line_1_27' title="bbox 68 3273 1099 3377; baseline 0.004 -24"><span class='ocrx_word' id='word_1_169' title='bbox 68 3277 142 3354; x_wconf 81' lang='lat' dir='ltr'><strong>sevi</strong></span> <span class='ocrx_word' id='word_1_170' title='bbox 163 3277 209 3354; x_wconf 90' lang='lat' dir='ltr'><strong>de</strong></span> <span class='ocrx_word' id='word_1_171' title='bbox 226 3300 283 3365; x_wconf 91' lang='lat' dir='ltr'><strong>re,</strong></span> <span class='ocrx_word' id='word_1_172' title='bbox 302 3294 342 3356; x_wconf 92' lang='lat' dir='ltr'><strong>ut</strong></span> <span class='ocrx_word' id='word_1_173' title='bbox 361 3277 432 3377; x_wconf 87' lang='lat' dir='ltr'><strong>ipse</strong></span> <span class='ocrx_word' id='word_1_174' title='bbox 452 3273 512 3352; x_wconf 91' lang='lat' dir='ltr'><strong>srbi</strong></span> <span class='ocrx_word' id='word_1_175' title='bbox 531 3277 677 3376; x_wconf 87' lang='lat' dir='ltr'><strong>quidem</strong></span> <span class='ocrx_word' id='word_1_176' title='bbox 699 3277 919 3376; x_wconf 88' lang='lat' dir='ltr'><strong>persuaserat.</strong></span> <span class='ocrx_word' id='word_1_177' title='bbox 951 3278 1099 3372; x_wconf 75' lang='lat' dir='ltr'><strong>„Quod</strong></span> 
     </span>
     <span class='ocr_line' id='line_1_28' title="bbox 70 3384 1100 3486; baseline 0.004 -21"><span class='ocrx_word' id='word_1_178' title='bbox 70 3443 95 3482; x_wconf 85' lang='lat'>„</span> <span class='ocrx_word' id='word_1_179' title='bbox 120 3384 279 3484; x_wconf 89' lang='lat' dir='ltr'><strong>tu(sunt</strong></span> <span class='ocrx_word' id='word_1_180' title='bbox 308 3388 463 3486; x_wconf 84' lang='lat' dir='ltr'><strong>epistolae</strong></span> <span class='ocrx_word' id='word_1_181' title='bbox 496 3389 591 3486; x_wconf 85' lang='lat' dir='ltr'><strong>apud</strong></span> <span class='ocrx_word' id='word_1_182' title='bbox 629 3386 816 3466; x_wconf 82' lang='lat' dir='ltr'><strong>Eusebium</strong></span> <span class='ocrx_word' id='word_1_183' title='bbox 849 3386 1100 3477; x_wconf 86' lang='lat' dir='ltr'><strong>verba)Pater</strong></span> 
     </span>
     <span class='ocr_line' id='line_1_29' title="bbox 73 3500 1102 3601; baseline 0.004 -23"><span class='ocrx_word' id='word_1_184' title='bbox 73 3551 97 3593; x_wconf 86' lang='lat'>„</span> <span class='ocrx_word' id='word_1_185' title='bbox 130 3501 329 3578; x_wconf 79' lang='lat' dir='ltr'><strong>Asexander</strong></span> <span class='ocrx_word' id='word_1_186' title='bbox 361 3523 378 3578; x_wconf 90' lang='lat' dir='ltr'><strong>a</strong></span> <span class='ocrx_word' id='word_1_187' title='bbox 413 3501 627 3600; x_wconf 83' lang='lat' dir='ltr'><strong>presbyteria</strong></span> <span class='ocrx_word' id='word_1_188' title='bbox 667 3501 711 3577; x_wconf 86' lang='lat' dir='ltr'><strong>de</strong></span> <span class='ocrx_word' id='word_1_189' title='bbox 749 3500 833 3578; x_wconf 85' lang='lat' dir='ltr'><strong>ioco</strong></span> <span class='ocrx_word' id='word_1_190' title='bbox 869 3504 1028 3601; x_wconf 85' lang='lat' dir='ltr'><strong>quodam</strong></span> <span class='ocrx_word' id='word_1_191' title='bbox 1063 3506 1102 3582; x_wconf 87' lang='lat' dir='ltr'><strong>iu</strong></span> 
     </span>
     <span class='ocr_line' id='line_1_30' title="bbox 70 3611 1101 3711; baseline 0.004 -23"><span class='ocrx_word' id='word_1_192' title='bbox 70 3612 226 3705; x_wconf 82' lang='lat' dir='ltr'><strong>„sacris</strong></span> <span class='ocrx_word' id='word_1_193' title='bbox 266 3613 390 3689; x_wconf 81' lang='lat' dir='ltr'><strong>litteris</strong></span> <span class='ocrx_word' id='word_1_194' title='bbox 419 3611 550 3711; x_wconf 87' lang='lat' dir='ltr'><strong>scripto</strong></span> <span class='ocrx_word' id='word_1_195' title='bbox 591 3613 792 3711; x_wconf 70' lang='lat' dir='ltr'><strong>quaerebat,</strong></span> <span class='ocrx_word' id='word_1_196' title='bbox 821 3616 896 3689; x_wconf 87' lang='lat' dir='ltr'><strong>imo</strong></span> <span class='ocrx_word' id='word_1_197' title='bbox 936 3636 1023 3690; x_wconf 85' lang='lat' dir='ltr'><strong>vero</strong></span> <span class='ocrx_word' id='word_1_198' title='bbox 1062 3618 1101 3702; x_wconf 84' lang='lat' dir='ltr'><strong>in</strong></span> 
     </span>
     <span class='ocr_line' id='line_1_31' title="bbox 75 3722 1100 3826; baseline 0.007 -28"><span class='ocrx_word' id='word_1_199' title='bbox 75 3777 100 3817; x_wconf 82' lang='lat'><strong>,‚</strong></span> <span class='ocrx_word' id='word_1_200' title='bbox 130 3727 224 3800; x_wconf 91' lang='lat' dir='ltr'><strong>inani</strong></span> <span class='ocrx_word' id='word_1_201' title='bbox 251 3726 403 3826; x_wconf 83' lang='lat' dir='ltr'><strong>quadam</strong></span> <span class='ocrx_word' id='word_1_202' title='bbox 426 3723 628 3824; x_wconf 68' lang='lat' dir='ltr'><strong>quaestionis</strong></span> <span class='ocrx_word' id='word_1_203' title='bbox 658 3722 829 3823; x_wconf 82' lang='lat' dir='ltr'><strong>particula</strong></span> <span class='ocrx_word' id='word_1_204' title='bbox 853 3724 1100 3817; x_wconf 86' lang='lat' dir='ltr'><strong>sciscitabaris,</strong></span> 
     </span>
     <span class='ocr_line' id='line_1_32' title="bbox 69 3834 1200 3953; baseline 0.004 -39"><span class='ocrx_word' id='word_1_205' title='bbox 69 3889 94 3932; x_wconf 84' lang='lat'>„</span> <span class='ocrx_word' id='word_1_206' title='bbox 122 3836 224 3940; x_wconf 88' lang='lat' dir='ltr'><strong>quod</strong></span> <span class='ocrx_word' id='word_1_207' title='bbox 248 3836 393 3939; x_wconf 87' lang='lat' dir='ltr'><strong>quisque</strong></span> <span class='ocrx_word' id='word_1_208' title='bbox 443 3836 589 3915; x_wconf 87' lang='lat' dir='ltr'><strong>iliorum</strong></span> <span class='ocrx_word' id='word_1_209' title='bbox 635 3837 787 3916; x_wconf 77' lang='lat' dir='ltr'><strong>francet.</strong></span> <span class='ocrx_word' id='word_1_210' title='bbox 855 3834 917 3919; x_wconf 82' lang='lat' dir='ltr'><strong>&#39;su</strong></span> <span class='ocrx_word' id='word_1_211' title='bbox 950 3856 1104 3942; x_wconf 78' lang='lat' dir='ltr'><strong>quoque</strong></span> <span class='ocrx_word' id='word_1_212' title='bbox 1196 3938 1200 3953; x_wconf 31' lang='grc' dir='ltr'>Ι</span> 
     </span>
     <span class='ocr_line' id='line_1_33' title="bbox 853 3954 1045 4040; baseline 0 -11"><span class='ocrx_word' id='word_1_213' title='bbox 853 4014 855 4019; x_wconf 91' lang='grc'><em>.</em></span> <span class='ocrx_word' id='word_1_214' title='bbox 960 3954 1045 4040; x_wconf 83' lang='lat' dir='ltr'><strong>Ari,</strong></span> 
     </span>
     <span class='ocr_line' id='line_1_34' title="bbox 110 4047 520 4137; baseline 0.002 -16"><span class='ocrx_word' id='word_1_215' title='bbox 110 4056 146 4137; x_wconf 75' lang='lat' dir='ltr'><strong>a)</strong></span> <span class='ocrx_word' id='word_1_216' title='bbox 160 4049 232 4121; x_wconf 80' lang='lat' dir='ltr'><strong>Hist.</strong></span> <span class='ocrx_word' id='word_1_217' title='bbox 260 4047 309 4121; x_wconf 85' lang='lat' dir='ltr'><strong>lib.</strong></span> <span class='ocrx_word' id='word_1_218' title='bbox 334 4047 397 4123; x_wconf 74' lang='lat' dir='ltr'><strong>sss.</strong></span> <span class='ocrx_word' id='word_1_219' title='bbox 423 4074 448 4122; x_wconf 85' lang='lat' dir='ltr'><strong>c.</strong></span> <span class='ocrx_word' id='word_1_220' title='bbox 471 4070 520 4134; x_wconf 76' lang='lat'><strong>29·</strong></span> 
     </span>
    </p>
   </div>
   <div class='ocr_carea' id='block_1_6' title="bbox 0 0 1268 4958">
    <p class='ocr_par' dir='ltr' id='par_1_6' title="bbox 0 0 1268 4958">
     <span class='ocr_line' id='line_1_35' title="bbox 0 0 1268 4958; baseline 0 0"><span class='ocrx_word' id='word_1_221' title='bbox 0 0 1268 4958; x_wconf 95' lang='lat' dir='ltr'><strong> </strong></span> 
     </span>
    </p>
   </div>
  </div>
 </body>
</html>
