2506 4958
194 263 344 343 regnum
365 234 495 334 Christ·
522 240 563 318 in
584 244 704 323 terrie.
724 266 752 323 c.
773 234 920 327 ΧΥΧΙ.
997 261 1077 351 apt
1201 312 1204 317 .

52 409 230 495 vidimus,
259 408 364 483 rebus
382 400 604 482 hierarchicis
626 402 694 483 sese
712 405 961 500 miscentibus,
986 411 1079 494 dunt

51 522 189 604 causam
204 516 348 596 concilii
365 515 664 597 Chalcedonenfis
683 541 789 618 agere
805 518 838 597 se
856 536 979 621 putat,
1009 547 1079 605 no-
1236 528 1238 541 ⁴

51 631 415 730 visturbispertrie,
445 644 485 706 ut
499 631 694 718 vocabant,
723 632 873 729 capitula
893 629 1079 728 Occiden-

52 763 127 826 tem
148 746 282 845 pariter-
297 752 331 818 et
348 737 538 819 Orientem
553 743 772 821 commovit:
801 766 838 822 te
856 745 894 823 in
912 762 1078 844 apertum

53 881 96 936 ac
115 857 327 935 diuturnum
343 850 486 928 schisma
504 853 667 929 abeunte.
707 845 798 930 Alias
821 877 906 931 vero
923 860 1080 939 nimium
1174 884 1179 892 ’

55 969 266 1049 lustinlauus
285 955 352 1039 sese
367 964 521 1060 negotiis
536 953 719 1062 religionis
736 964 918 1056 miscuisse,
937 971 982 1046 ab
998 968 1081 1070 ipsss
1110 990 1112 995 ’

55 1084 162 1159 etiarn
180 1075 456 1156 Protestantibus
470 1076 653 1173 arguitur,
681 1077 744 1177 qui
760 1090 900 1165 tamen,
923 1078 1080 1179 quodad

58 1192 220 1294 politiam
247 1184 508 1265 ecclesiasticam
532 1187 707 1285 pertinet,
735 1191 889 1293 principi
905 1192 1080 1272 tribuunt.

58 1302 100 1382 ln
117 1300 246 1404 quibus
262 1321 349 1374 vero
383 1302 544 1397 quamvis
574 1289 701 1377 multas
719 1291 816 1400 leges
828 1300 964 1380 dederit
980 1303 1086 1382 lusti.

59 1419 205 1499 dianus,
229 1408 446 1489 contestatur
463 1397 684 1489 tameuhaud
701 1409 807 1488 semel
821 1414 1084 1502 tentum,se.in
1215 1488 1220 1495 .

59 1526 130 1604 suis
147 1520 381 1601 sandionibus
398 1512 495 1622 sequi
503 1508 627 1618 socrus
638 1525 830 1632 peromrrio
846 1523 1005 1621 regulus,
1023 1552 1084 1607 ca-

60 1656 177 1715 nones
203 1649 334 1733 nempe
363 1630 628 1710 ecciesrasticos:
656 1630 762 1737 Quod
776 1637 893 1724 enim,
923 1652 963 1715 ut
983 1643 1030 1737 ait
1060 1642 1084 1719 s.
1203 1659 1207 1665 ’

57 1768 125 1842 4ς.
152 1765 185 1825 c.
200 1742 245 1822 de
261 1743 344 1823 eccl
364 1734 463 1849 fiscri
484 1742 849 1843 canonesprobibent,
878 1746 919 1823 id
930 1750 1086 1829 etiamst

57 1883 122 1938 nos
138 1868 203 1958 per
220 1843 351 1944 nostor
368 1844 540 1941 abolemus
556 1852 655 1951 leger.
703 1847 743 1934 ld
760 1874 847 1957 vero
863 1860 894 1933 ei
911 1862 980 1936 iam
995 1859 1086 1939 Pro·

58 1974 191 2072 copius
213 1966 250 2058 o)
279 1969 366 2044 vitio
382 1959 460 2052 dat,
489 1965 588 2066 quod
603 1961 686 2061 cunt
708 1968 928 2047 detrimento
943 1975 1090 2071 reipub·

61 2081 140 2160 licae
159 2083 264 2159 nimis
283 2077 352 2156 sese
371 2078 556 2175 religionis
580 2070 687 2154 rebus
709 2080 865 2167 dederit,
889 2081 1087 2182 negledis,
1184 2157 1189 2167 ,

59 2216 143 2295 quae
160 2193 203 2270 ad
215 2182 304 2269 bella
317 2185 474 2289 gerenda
491 2191 695 2288 pertinent3
723 2205 800 2290 que
812 2206 930 2269 tamen
946 2194 1088 2276 sirenue

61 2300 212 2407 quidem
226 2305 262 2378 in
278 2295 373 2380 ltalia
387 2324 451 2400 per
464 2297 666 2380 Belisariunr
677 2294 789 2400 gesur.
809 2305 983 2383 vindicata
994 2308 1089 2386 Afer.

63 2440 106 2494 ca
133 2436 298 2518 quoque,
334 2415 371 2488 in
390 2427 458 2512 qua
479 2415 625 2489 ineunte
652 2403 725 2490 hoc
744 2415 808 2491 sec.
838 2404 903 2493 Vl.
931 2417 1088 2517 gravisli.

64 2547 162 2604 mam
183 2518 464 2626 persecutionem
479 2514 737 2602 Trasimundus
755 2517 1000 2607 vandalorum
1023 2542 1091 2612 rex

63 2636 215 2716 Asianus
231 2638 345 2712 movit
357 2629 562 2724 catholicis,
586 2629 747 2713 restituto
761 2639 798 2712 in
813 2636 908 2714 ltalia
924 2657 987 2742 per
1002 2665 1093 2720 cuns
1191 2698 1198 2711 ,

55 2745 152 2827 dem
183 2738 383 2826 Belisarlum
417 2745 558 2851 tntisper
590 2746 767 2850 imperio,
812 2762 1092 2852 recuperataque

62 2857 207 2945 Rome,
235 2859 386 2958 quomis
408 2856 547 2932 sirenue
562 2867 688 2932 eontra
707 2851 855 2954 Vitigen
881 2866 1092 2961 propugna-

66 2972 148 3071 vit,
173 2967 469 3067 obbdionemque
490 2966 603 3042 attero
630 2982 728 3043 anno
747 2983 878 3070 nempe
906 2982 994 3062 538.
1022 2966 1096 3052 sos.

63 3102 151 3158 vere
174 3072 374 3180 compulit,
403 3092 581 3178 quaever'o
605 3074 733 3156 iterato
756 3079 986 3183 posteacapta
1004 3080 1093 3165 estu
1172 3172 1177 3181 ,

64 3182 190 3269 Totilr
213 3189 424 3269 Gothorum
444 3203 550 3286 rege,
566 3183 635 3264 iam
652 3204 705 3265 an.
728 3203 815 3284 541.
834 3184 967 3271 ltaliam
986 3219 1099 3276 occue

69 3315 179 3403 pante
201 3313 238 3378 et
254 3301 372 3400 postea
390 3290 601 3398 Neapolim,
632 3302 694 3377 ubi
710 3296 798 3379 dum
818 3304 852 3385 ln
871 3321 995 3384 monte
1011 3298 1097 3388 Cas·

69 3410 149 3491 sino
176 3411 212 3490 S.
228 3407 457 3514 Benedislnm
482 3401 637 3495 accessit,
679 3413 722 3488 ab
745 3434 790 3488 eo
811 3418 981 3514 percipit,
1018 3406 1097 3498 Ru.
1181 3424 1184 3429 '

71 3518 170 3601 mam
199 3522 233 3599 se
254 3519 510 3625 ingressurum,
540 3535 579 3597 ut
615 3515 649 3627 5.
673 3521 874 3622 Gregorius
896 3516 949 3603 M.
979 3533 1100 3612 hertei

71 3630 114 3724 b>
134 3633 193 3711 lib.
219 3627 261 3710 ll.
285 3630 369 3709 dial.
386 3655 417 3709 c.
442 3643 501 3720 tt.
530 3623 706 3732 fimulque
727 3624 952 3743 prophetiam
979 3636 1014 3717 5.
1032 3635 1100 3721 Pa.

73 3748 157 3831 tris,
178 3741 330 3822 Romam
349 3740 548 3842 agentibus
571 3757 647 3820 non
668 3744 750 3821 iore
764 3746 1099 3843 exterminandam,

38 3951 43 3959 ‚
76 3855 136 3942 sed
161 3852 424 3958 tempestatibus
447 3844 627 3943 coruscis,
657 3866 695 3934 et
711 3857 915 3938 turbinibus
936 3883 979 3941 ac
999 3871 1102 3945 ter'rae

567 3964 644 4042 82
938 3964 1046 4054 nrbtu
1200 3958 1205 3963 ¹

119 4071 155 4169 p)
176 4066 239 4137 Lib.
261 4066 315 4135 111.
338 4063 376 4132 de
396 4064 478 4135 dello
493 4065 582 4139 ooth
598 4088 624 4137 s.
641 4086 689 4154 ῃ.
752 4070 789 4153 s)
807 4056 845 4139 Τ.
858 4071 896 4140 11.
918 4091 948 4155 p.
972 4090 1044 4152 ψ.
1098 4088 1107 4100 ·
