2506 4958
193 137 346 216 regnum
377 109 505 200 ctrina·
532 113 571 188 in
599 113 720 191 terris·
735 136 763 193 c.
795 112 944 197 XXW·
1033 134 1105 213 183

78 290 125 357 st
150 276 342 381 quousque
374 277 442 353 luis
468 274 597 352 linibus
628 293 778 380 utraque
810 278 901 358 sacra
927 295 963 357 et
990 283 1109 385 profa-
1158 350 1162 357 .

77 414 127 469 ua
151 391 222 468 sele
244 392 425 467 continuit
450 389 610 487 potestas.

163 503 253 582 Non
284 498 541 577 Constantinus
571 501 737 598 equidem
773 501 909 588 solunt,
942 503 999 581 sed
1030 510 1108 586 eius

76 619 189 695 etiarn
208 608 420 694 successores
445 612 552 711 usque
568 615 611 687 ad
636 611 847 689 Gratianum
869 619 1105 706 retinuerunt,

73 722 180 830 qdod
201 727 358 803 solemne
386 743 458 799 erat
486 748 504 797 a
532 723 800 827 caesareusque
826 728 1103 824 imperatoribus

73 839 296 939 gentilibus,
324 860 459 910 nomen
487 836 670 933 pontilicis
695 839 863 931 maximi3
896 839 951 913 led
973 841 1044 917 hoc
1059 843 1102 921 ad

74 952 364 1052 superstitionem
400 948 570 1044 gentilem
603 950 808 1045 pertinebat.
869 948 926 1026 De
960 952 1103 1050 pontill-

72 1084 157 1141 catu
182 1063 254 1138 huc
279 1059 407 1158 gentili
430 1060 500 1154 ipse
526 1058 596 1135 Pet.
621 1060 664 1134 de
684 1058 805 1138 llllarca
820 1060 905 1154 (De
926 1066 1100 1143 concord.

75 1177 113 1254 S.
128 1191 167 1250 et
191 1171 216 1249 l.
233 1173 291 1251 lib.
312 1172 354 1253 ll.
374 1195 403 1251 c.
423 1170 473 1249 X.
502 1196 535 1246 n.
570 1167 637 1261 7.)
668 1176 920 1270 interpretatur
940 1179 1100 1254 eiusdem
1147 1234 1151 1245 .

74 1286 305 1364 Constantini
336 1289 461 1368 verba,
492 1284 577 1357 dnm
617 1285 702 1359 telle
728 1282 901 1370 Eusebio,
935 1288 968 1363 se
995 1302 1101 1367 extra
1184 1336 1191 1349 ,

70 1393 253 1490 Eccstfiunr
270 1391 425 1483 τόνέκτος
451 1395 658 1492 episcopum
688 1396 879 1496 aliquando
912 1402 948 1475 in
975 1405 1100 1478 couvi.

72 1516 139 1588 vio
166 1508 282 1593 dixit,
313 1502 413 1604 q'uod
441 1506 511 1585 sori
544 1509 824 1607 incompetentia
862 1510 956 1586 foret
981 1513 1106 1613 quale.

73 1643 223 1721 cunque
252 1618 410 1696 ditium:
442 1620 533 1699 rede
565 1636 682 1695 tanuen
716 1619 762 1697 src
790 1623 1025 1720 intelligitur,
1058 1641 1098 1707 ut

72 1732 263 1836 episcopos
312 1753 431 1809 return
472 1728 801 1813 ecclefiartrcarnm
844 1739 1096 1830 imperatorem

71 1868 171 1923 vero·
200 1840 359 1922 civilium
389 1864 512 1919 curam
547 1865 672 1938 gerere
707 1840 899 1939 significet,
940 1834 1019 1944 qirae
1052 1847 1097 1925 ad

70 1952 262 2041 Ecclesiam
282 1976 357 2029 non
379 1953 527 2053 spedat,
558 1952 704 2050 perinde
726 1977 768 2030 ac
789 1953 1097 2036 ecclesiasticarum

71 2065 196 2147 reru'm
224 2084 310 2144 cura
340 2088 415 2140 non
443 2067 487 2140 ad
520 2068 781 2162 imperatorem.
841 2067 898 2144 Sic
921 2067 1099 2147 Constan.

70 2187 169 2263 tinus
184 2181 220 2255 in
236 2172 380 2256 Ni'caena
394 2177 531 2277 synodo
546 2174 732 2275 episcopos
753 2176 896 2265 affatus,
918 2178 1010 2256 Deus
1033 2205 1098 2259 uus

72 2290 275 2380 cunllituit,
303 2293 373 2376 ait,
397 2287 613 2389 sacerdotes,
636 2301 670 2363 et
693 2286 889 2385 putellutem
916 2292 1030 2378 dariis.
1055 2277 1098 2370 de

72 2403 173 2481 nubis
202 2425 333 2499 prrnprre
364 2402 551 2475 iudicandi.
613 2399 670 2479 De
701 2403 828 2477 eodem
864 2401 1031 2481 Eusebius
1058 2409 1095 2481 in

72 2521 152 2595 eius
180 2521 249 2591 rita
276 2514 334 2588 lib.
367 2512 424 2590 lll.
449 2537 477 2587 c.
515 2535 576 2586 20.
615 2511 720 2587 refert
747 2512 893 2612 sequens
928 2517 1093 2594 ditium:

71 2685 98 2722 ,‚
129 2626 320 2728 Quidquid
345 2627 381 2699 in
404 2625 522 2704 landis
543 2623 796 2720 episcoporum
818 2627 980 2703 conciliis
998 2632 1093 2725 geri-

72 2797 96 2834 „
129 2759 203 2823 tur,
235 2740 270 2814 id
288 2761 398 2814 omne
424 2736 467 2812 ad
483 2736 636 2809 divinam
666 2735 889 2810 referendum
906 2739 1095 2814 ellvolun·

71 2909 97 2946 „
127 2866 201 2932 tem
226 2908 249 2942 ‚‚
307 2849 345 2927 ln
372 2849 468 2951 epist.
503 2848 546 2921 ad
573 2846 760 2945 episcopos
790 2848 869 2946 pult
894 2848 1092 2927 concilium

72 2963 202 3046 Arelat.
224 2963 362 3053 scribit3
392 3017 414 3052 ,,
436 2959 534 3037 Dico
554 2965 671 3045 enim,
704 2977 743 3034 ut
766 2966 796 3035 ie
818 2962 945 3036 veritas
963 2959 1092 3047 babet,

71 3133 96 3169 ‚,
126 3075 348 3155 sacerdotum
386 3073 554 3149 iudicium
588 3075 633 3144 ita
665 3072 770 3146 debet
808 3072 951 3154 haberi,
997 3095 1037 3147 ac
1069 3071 1093 3147 st
1236 3166 1238 3171 ,

70 3244 95 3279 ,‚
126 3185 196 3285 ipse
230 3184 412 3263 Dominus
443 3181 596 3258 refidens
626 3185 766 3258 iudicet.
842 3181 945 3274 Qrid
984 3186 1096 3279 igitur

70 3355 95 3392 „
127 3298 274 3373 sentiant
323 3295 519 3374 Donatillae
552 3351 585 3369 ..
605 3352 636 3371 ..
675 3298 887 3393 perquirunt
914 3295 1094 3372 -l'ecularir

70 3467 94 3503 „
126 3410 369 3509 relinquentes
394 3408 596 3495 coeterna„
655 3405 752 3481 Dnnr
784 3410 817 3478 in
843 3407 964 3480 eadem
995 3407 1092 3482 causo

70 3521 366 3605 Donatistarum,
390 3521 474 3595 telle
494 3516 635 3614 Optato
661 3517 810 3593 lllilevit.
836 3518 893 3592 lib.
926 3517 950 3592 l.
969 3541 1094 3595 contra

68 3631 232 3715 Parmen.
258 3631 453 3709 Donatillae
473 3630 518 3704 ab
540 3654 584 3703 eo
603 3646 764 3727 peterent
785 3633 936 3714 iudices,
970 3629 1093 3705 l'err‘tr's
1237 3622 1241 3633 ’

68 3769 92 3820 n
131 3767 211 3828 me,
243 3742 453 3842 respondit,
483 3748 522 3814 in
544 3736 661 3836 ferula
698 3742 887 3829 iudicium,
928 3763 1004 3817 turn
1034 3766 1095 3837 ego

68 3855 142 3958 ipse
164 3853 292 3953 Christi
314 3856 483 3933 iudicium
512 3853 706 4057 ᾌῖΐρὲἑῖεηι.
954 3961 1025 4041 Fsu
