2506 4958
114 228 123 243 ’
230 206 381 332 regium
400 227 528 322 earm
546 232 586 309 n
600 234 718 313 nnn.
736 256 767 312 ι.
790 231 975 314 xxxix.
1042 255 1120 328 a„

88 418 116 498 ,·
133 411 173 478 et
190 400 328 499 quieti,
359 418 469 499 quam
495 395 699 483 tradendis,
731 420 811 498 quae
829 395 919 475 ioris
935 396 1037 476 sunt:
1077 402 1120 477 ti·
1239 395 1247 419 ‘

88 570 106 610 „
135 509 407 609 urendumque.
436 532 484 584 oe
503 531 632 585 norrea
649 509 884 595 austeritate,
915 533 986 609 qua
1006 534 1120 610 opor.

88 683 104 721 e
135 628 268 709 tuerit,
300 621 350 699 sui
373 619 592 719 apostolatus
608 615 726 699 officia
744 620 967 721 exsequatur.
1012 623 1116 718 Quid

88 764 107 832 Β·
135 736 272 838 potatis
296 755 422 832 gerere
438 734 546 809 animi
574 756 671 810 nunc
689 732 876 810 hominem
898 734 1022 821 illum,
1055 732 1118 838 qui

88 906 109 946 ‚,
138 847 185 926 de
222 846 357 924 secreto
386 847 534 921 internae
570 844 909 946 contemplationis.
943 863 979 923 et
1005 848 1118 925 amica

88 1019 115 1057 „
143 957 336 1037 solitudine
358 957 500 1041 cordis,
530 972 698 1056 tanquam
726 956 843 1034 infans
867 981 886 1033 e
902 961 1046 1055 gremio
1080 978 1116 1037 et

88 1130 110 1169 ‚,
139 1069 217 1149 finu
244 1072 366 1147 matris
394 1067 511 1146 subito
546 1071 795 1167 perturbatur.
836 1069 985 1148 tretium
1011 1071 1044 1148 ie
1070 1071 1117 1149 ad

88 1243 111 1281 „
139 1181 301 1261 medium
336 1180 460 1266 videt,
510 1197 545 1255 et
585 1179 680 1280 qoafi
714 1205 820 1258 ovem
853 1181 898 1257 ad
938 1182 1115 1260 vitiimana

88 1353 111 1393 „
139 1293 288 1372 dudum
317 1291 361 1369 ad
394 1309 464 1367 tam
498 1291 630 1369 insueta
652 1306 688 1368 et
710 1292 887 1370 insuavia?
933 1292 1010 1372 Nisr
1035 1292 1121 1372 Do«

88 1466 112 1504 „
133 1409 263 1485 minus
278 1402 455 1505 supponat
472 1428 618 1482 manum
639 1403 760 1491 suana,
779 1403 876 1482 heu!
895 1401 1030 1483 neceiie
1043 1408 1116 1494 est,

88 1577 110 1614 „
139 1518 332 1604 obruatur,
352 1532 388 1592 et
406 1521 632 1615 opprimatur
647 1540 759 1593 onere
781 1517 920 1595 insueto
934 1534 971 1595 et
987 1521 1115 1606 nimio,

88 1688 110 1728 ,,
137 1629 242 1733 quod
263 1644 301 1707 et
322 1632 518 1728 gigantinis
547 1633 620 1725 (ut
635 1627 763 1720 aiunt)
790 1630 845 1705 vei
866 1629 946 1730 ipsae
965 1654 1117 1733 quoque

88 1800 110 1840 „
136 1741 309 1843 angelicis
333 1740 491 1817 humeris
518 1740 744 1818 formidabile
767 1740 937 1822 videatur.
955 1798 977 1835 ‚‚
1007 1740 1118 1828 Erant

88 1847 179 1936 tunc
201 1867 365 1953 tempora
387 1850 565 1928 durissima
593 1850 680 1927 sedis
699 1853 919 1951 apostolicae,
950 1855 999 1929 ob
1027 1878 1118 1942 cun.
1238 1907 1240 1912 ⁴

87 1972 190 2046 tinua
207 1964 281 2045 fere
309 1963 547 2042 sacerdotium
573 1965 666 2040 inter
687 1979 722 2040 et
748 1966 938 2064 imperium
960 1963 1116 2052 dissidia.

88 2101 173 2182 que
195 2077 339 2180 quidem
357 2100 432 2154 non
449 2078 497 2152 est
515 2092 683 2175 expertus
702 2073 903 2175 Eugenius.
924 2091 1119 2179 antequam

88 2190 292 2273 Fridericus
311 2194 347 2264 in
367 2188 502 2266 ltaliam
531 2203 716 2273 moveret,
746 2188 835 2295 ,post
858 2211 995 2288 paucos
1026 2211 1128 2287 pou-5

88 2301 241 2381 tificatus
264 2324 378 2378 annos
400 2300 586 2377 defunt‘ius
610 2315 752 2389 morte,
782 2325 891 2402 quam
909 2300 957 2377 illi
981 2300 1017 2378 S.
1035 2298 1119 2390 Ber-

88 2415 223 2493 nardue
247 2436 335 2490 mox
361 2414 398 2488 in
425 2411 570 2511 epistola
591 2412 629 2499 a)
646 2414 690 2490 ad
713 2439 797 2491 eum
823 2417 902 2491 data
919 2416 1006 2490 vivis
1026 2411 1118 2490 adeo

88 2526 274 2629 coloribus
291 2543 327 2601 et
341 2525 510 2624 exemplo
526 2523 784 2605 antecefforuua
803 2527 948 2604 suorum
967 2526 1015 2600 ob
1030 2549 1118 2602 ocu·

88 2640 147 2717 loa
167 2640 298 2739 ponit,
320 2635 366 2713 fic
385 2661 463 2712 eam
483 2637 725 2714 concludens:
754 2693 776 2729 „
795 2634 920 2716 Ovox
944 2642 1118 2723 tonitrui,

89 2807 113 2846 ,‚
144 2771 261 2827 ovox
280 2749 576 2847 magnificentiae,
606 2765 642 2824 et
667 2751 831 2826 virtutis:
860 2749 905 2824 ad
932 2752 1032 2824 cuius
1052 2762 1121 2824 ter·

89 2920 115 2958 „
145 2883 265 2939 rorem
282 2860 571 2944 oonfundantur‚
604 2876 910 2937 etconvertantur
926 2857 1120 2936 retrorsum

89 3031 115 3071 ‚,
145 2997 298 3060 omnes,
338 2978 399 3074 qui
424 2974 582 3050 oderunt
606 2971 704 3049 Sion.
773 2969 858 3049 Hoc
891 2971 1122 3047 vehementer
1235 2978 1237 2982 ’

90 3143 115 3181 „
144 3085 343 3186 exspectat,
386 3101 423 3162 et
447 3088 603 3162 omnino
639 3086 778 3185 expetit
804 3107 823 3159 a
844 3099 879 3160 te
902 3100 1013 3159 mater
1038 3096 1119 3157 tua:
1242 3139 1247 3149 .

91 3182 121 3295 „'
145 3197 220 3275 hoc
242 3196 303 3275 filii
327 3199 448 3274 matris
474 3212 565 3284 tuae,
597 3196 710 3296 puniti
732 3219 818 3276 cum
842 3196 1038 3271 maioribus
1063 3193 1124 3269 de·

88 3368 113 3407 „
145 3307 323 3397 siderant,
365 3308 659 3410 hoc'suspirant:
703 3326 743 3386 ut
772 3312 891 3385 omnis
917 3305 1123 3407 plantario,

90 3478 115 3518 „
144 3446 251 3522 quam
270 3446 345 3499 non
367 3423 538 3524 plantavit
555 3419 656 3498 Pater
675 3421 842 3508 caelestis,
873 3424 940 3499 tuir
960 3417 1124 3494 manibus
1149 3413 1155 3424 ’

89 3590 115 3629 „
143 3534 352 3611 eradicetur.
415 3532 467 3612 nd
490 3534 578 3610 hoc·
593 3537 690 3608 enim
727 3534 941 3611 constitutus
966 3557 1002 3607 es
1020 3529 1123 3626 super

92 3702 118 3740 ,‚
145 3660 271 3744 gentes
288 3662 325 3723 et
343 3670 477 3746 regna,
507 3663 547 3723 ut
564 3645 710 3732 evellar,
740 3661 775 3722 et
794 3647 966 3721 destruas:
990 3655 1027 3719 et
1043 3641 1128 3718 aedi-

93 3815 118 3854 „
147 3757 252 3844 dces,
285 3775 321 3835 et
337 3759 483 3861 plantes.
545 3757 655 3835 Multi
685 3760 809 3836 audito
834 3757 905 3834 hoc
932 3757 1043 3832 verbo
1074 3754 1128 3828 di·

92 3927 119 3967 „
148 3887 280 3949 xerunt
305 3871 401 3970 apud
424 3869 480 3949 se:
525 3872 603 4059 iani
615 3869 744 3948 securis
764 3870 807 3947 ad
835 3871 988 3947 radicem
1017 3863 1127 4054 pgfita

534 4000 537 4005 ·
626 4004 653 4076 4
962 4035 984 4074 „
1014 4003 1033 4055 e
1066 4034 1073 4052 .

145 4104 181 4185 ι)
201 4098 255 4180 Ep.
278 4115 343 4176 aaa
367 4120 397 4182 p.
416 4120 484 4182 αις.
