2506 4958
162 131 344 209 ¹regnum
364 103 493 198 Chrilli
508 107 548 185 in
563 109 682 185 terris.
704 128 732 199 04
744 105 937 187 XXXIX.
1010 81 1102 201 aar>
1153 76 1155 81 Α

132 272 241 355 Nihil
256 297 342 350 vero
358 264 533 353 mellifluo
544 269 617 357 hoc
631 269 781 349 dodore
794 270 942 370 dignius
953 328 964 359 ,
976 292 1090 374 quam

48 388 156 490 quod
180 386 304 486 prodit
330 383 539 461 concordia
570 377 758 482 utriusque
785 382 956 482 legitimae
985 403 1092 486 pote-

50 502 152 599 [latia
182 496 393 574 desiderium
418 550 429 580 .
477 519 518 571 ac
552 510 676 578 mutua
702 494 746 570 ad
778 494 1089 583 conservationem

49 614 244 711 utriusque
268 606 470 708 reipublicae
488 604 589 688 sacrae
610 623 646 684 et
666 605 822 706 profanae
844 602 953 686 studia'
971 624 1008 684 et
1028 608 1090 686 os·

52 724 158 803 licia:
195 719 281 799 Non
314 721 438 796 varriot
464 714 571 814 (ait)
598 721 718 809 animo
740 742 817 799 meo
845 722 884 794 in
913 719 1091 811 confilium
1131 746 1134 755 ’
1224 740 1231 755 ’

53 857 204 919 eorum,
245 835 306 927 qni
331 832 451 906 dicunt
474 827 536 905 uel
560 833 708 926 imperio
736 845 862 926 pacem·
880 843 914 906 et
944 829 1090 909 lilerio·

54 958 129 1026 tem
155 942 395 1036 ecclesiarum,
425 939 486 1025 vel
507 940 647 1030 ecclesis
676 941 927 1019 exultationem
950 956 984 1021 et
1006 961 1091 1041 pru-

46 1057 261 1159 speritotem
297 1056 441 1151 imperii
476 1077 545 1139 nou
576 1051 819 1151 profuturnm.
875 1055 960 1145 Non
996 1060 1091 1133 eninr

56 1173 274 1269 (utriusque
303 1164 482 1255 institutor
513 1163 557 1251 eli
585 1163 707 1254 Deus)
753 1170 796 1245 in
832 1165 1092 1253 deliruclionem

57 1306 101 1361 eu
123 1282 347 1362 conradum.
371 1275 436 1373 fed
456 1281 495 1352 in
517 1277 783 1373 uelificntimrem.
844 1278 1093 1357 Intelleximus

58 1392 234 1474 Hadriani
260 1392 339 1490 post
368 1388 583 1471 Anastafium
610 1388 676 1472 lv.
715 1389 866 1490 Eugenii
888 1391 1092 1469 successoris

58 1508 175 1585 amica
190 1503 299 1579 lludia
317 1520 353 1578 et
372 1500 490 1593 officia
507 1501 721 1579 quriderici
739 1508 995 1587 coronatione,
1017 1502 1094 1582 Ro-

60 1620 177 1696 manis
208 1606 481 1701 adversantibus.
542 1614 588 1690 At
613 1617 640 1687 is
660 1639 738 1693 non
769 1615 811 1689 ad
839 1615 915 1691 haec
939 1613 1093 1695 reflecte-

60 1731 149 1813 bat,
182 1726 267 1803 dum
293 1749 381 1801 mox
415 1725 691 1824 sequentianno
719 1737 832 1814 1156.
864 1742 935 1801 tam
956 1730 1095 1804 acerbe

61 1840 149 1918 tulit
172 1840 276 1913 verba
295 1837 351 1912 illa
372 1836 526 1934 epistolae
551 1834 751 1933 pontilicis,
788 1860 858 1934 qua
876 1837 985 1921 dicit,
1015 1835 1095 1928 infi-

55 1974 132 2050 gne
149 1972 278 2039 torona
294 1947 489 2039 beneficium
521 1946 581 2046 ipfi
603 1946 636 2022 se
655 1945 868 2024 contulisse:
900 1947 947 2026 lic
960 1946 1018 2025 illa
1037 1973 1095 2026 ac-
1151 1993 1156 2009 ·

60 2065 217 2164 ulpiam,
247 2085 288 2138 ac
315 2059 338 2137 li
361 2058 404 2136 de
424 2058 535 2136 feudo
554 2060 765 2175 loqueretur
787 2061 953 2167 pontisera
976 2064 1093 2161 impe·

61 2178 174 2277 ratori
192 2172 355 2259 collato,
386 2171 486 2273 quod
506 2173 625 2266 postea
648 2170 848 2262 Hadrianus
870 2173 914 2249 de
933 2195 1093 2262 corona,

60 2311 172 2389 quam
204 2309 322 2359 revera
360 2286 477 2360 invitis
508 2282 708 2372 Romanis,
760 2300 799 2361 ot
818 2282 898 2385 ipsis
926 2283 1096 2363 Friderici

63 2396 182 2475 verbis
213 2395 432 2482 audivimus,
473 2398 504 2472 ei
519 2396 702 2482 contulit,
749 2397 799 2472 est
830 2401 1094 2496 interpretatus.

62 2509 252 2590 Friderico
296 2508 387 2584 istud
421 2510 456 2582 in
489 2512 651 2594 animum
688 2511 868 2584 revocavit
895 2505 1099 2586 Hadrianus

65 2619 133 2701 lv,
154 2620 190 2698 Ρ.
208 2619 333 2696 litteris
355 2643 417 2718 per
444 2619 602 2716 legatum
634 2617 738 2692 nrissrs
769 2623 805 2693 in
842 2617 1097 2696 Germaniam:

64 2789 90 2829 ‚‚
120 2731 243 2812 Debes
269 2735 393 2815 enim,
423 2735 440 2825 (
455 2727 618 2815 scribit,).
645 2727 891 2828 gloriosrlsrme
909 2728 985 2815 lili.
1016 2746 1099 2809 aute

66 2900 91 2939 „
121 2843 249 2923 oculos
275 2847 403 2918 mentis
435 2837 635 2927 reducere,
677 2866 784 2940 quam
819 2857 1023 2939 gratanter,
1064 2855 1102 2917 et

67 3013 93 3052 „
120 2980 226 3054 quam
250 2957 407 3030 iucunde
434 2955 547 3031 altero
569 2977 666 3037 anno
688 2971 800 3030 mater
820 2971 881 3030 tua
912 2954 946 3031 S.
965 2950 1101 3031 Roma·

67 3122 93 3162 „
123 3091 166 3142 na
188 3064 337 3158 Ecclesia
358 3083 393 3142 te
415 3065 622 3175 susceperit,
653 3083 786 3167 quanta
806 3061 924 3142 cordis
943 3064 1102 3155 affeslio·

68 3176 92 3274 „'
124 3203 169 3252 ne
195 3179 416 3263 tratlaverit,
454 3195 622 3280 quantam
647 3181 713 3254 trbr
741 3176 925 3276 drgmtatrs
949 3176 1105 3276 plenitu-

69 3347 93 3385 ,‚
122 3291 241 3366 dinem
265 3292 460 3377 contulerit
484 3305 520 3365 et
546 3290 719 3373 honoris,
756 3307 792 3366 et
817 3290 970 3390 qualiter
989 3291 1104 3387 impe-

70 3459 94 3497 „
126 3401 216 3478 rialis
235 3400 371 3499 insrgue
394 3425 540 3490 coronae
560 3398 783 3491 libentissime
803 3400 1013 3486 conserens,
1045 3403 1105 3477 be·

70 3571 96 3610 „¹
122 3512 330 3611 nignirlimo¹
351 3517 492 3611 gremio
528 3529 597 3598 tuae
627 3510 843 3601 celsitudinis
871 3515 1007 3611 apicem
1036 3503 1117 3589 llo*¹
1154 3528 1157 3535 '

73 3683 98 3731 „¹
127 3625 246 3701 doerit
267 3627 491 3711 confovere,
521 3624 611 3705 nihil
633 3624 776 3724 prorsus
798 3621 974 3711 efficiens,
1005 3624 1106 3723 quod

40 3813 42 3818 .
72 3795 96 3831 „
124 3741 231 3837 regiae
250 3738 427 3814 voluntati
445 3737 500 3812 vel
512 3742 547 3812 iu
567 3729 720 3813 minimo
735 3737 971 3835 cognosceret
985 3739 1109 3812 obvia-

73 3905 102 3965 »,
124 3844 191 3949 li(
234 3849 365 3957 Nequi
398 3852 804 4037 lillell.l³{¹¹llel¹1(la‚‚
844 3847 1011 4034 desiderlia
1039 3863 1125 3925 tuae-

568 3981 642 4063 05,
924 3983 1054 4051 roun-
1177 3994 1184 4010 ·
