2506 4958
287 243 438 320 regnum
458 216 586 311 curisti
604 199 645 298 in
662 222 782 299 terris.
799 240 828 296 c.
844 217 962 300 XLV.
1064 183 1138 316 14¹3

108 387 221 487 hique
256 397 488 484 compertum
516 383 593 470 est,
640 381 744 461 Pium
771 378 837 459 Vl.
867 407 951 462 cum
979 386 1141 486 primum

107 500 278 577 adsedem
294 496 336 587 R.
357 493 526 572 assumtus
547 493 649 582 esset,
663 495 698 572 id
715 494 864 570 firmiter
885 497 981 596 apud
999 497 1034 574 se
1053 523 1145 578 con.

106 610 252 688 stituisle
273 613 420 694 animo,
466 629 652 708 nunquam
677 607 711 684 se
729 608 787 684 hic
813 606 883 683 ulla
912 608 1058 688 usurum
1090 638 1146 690 te·

109 726 312 800 laxatione:
345 721 481 820 diuque
508 723 543 793 in
571 744 611 796 ea
642 735 762 796 mente
780 718 906 797 firmus
924 720 1044 810 stetit,
1077 727 1145 802 do.

110 860 178 911 nec
199 835 242 910 ad
264 835 426 910 evitanda
454 838 588 906 maiora
619 830 706 908 mala
734 832 777 907 ad
808 833 1065 910 remittendum
1099 841 1147 915 ri.

109 971 240 1046 gorem
265 942 465 1021 necellitate
486 943 694 1020 constrictus
725 940 851 1021 suisset.
912 943 1007 1038 Quae
1035 963 1149 1039 veto,¹

112 1063 302 1137 utiterum
329 1079 503 1155 quaeram,
536 1058 652 1155 potest
685 1054 816 1133 subesse
843 1057 941 1133 causa
971 1062 1148 1140 canonica
1168 1084 1184 1102 ⁸

111 1172 281 1254 licentiae,
298 1186 370 1245 tam
389 1167 592 1267 promiscue
610 1166 831 1269 dispensandi
849 1168 884 1246 in
903 1184 996 1246 voto
1017 1169 1149 1247 solem.
1170 1223 1171 1226 ,

112 1290 171 1367 ni,
190 1278 498 1382 promissioneque
513 1278 577 1378 ipsi
599 1275 701 1367 Deo,
734 1283 768 1356 in
787 1280 875 1360 facie
890 1275 1050 1359 Ecclesrae
1067 1285 1150 1382 post

99 1400 292 1499 integram
318 1397 424 1469 unius
456 1396 538 1468 anni
570 1392 893 1480 deliberationem,
934 1415 1040 1495 quam
1071 1421 1151 1474 non

114 1509 229 1584 solum
269 1503 424 1582 firmavit
453 1505 649 1583 concilium
680 1499 973 1596 Tridentinum,
1022 1506 1079 1582 sed
1112 1524 1150 1585 et

114 1622 404 1719 quinquennium
432 1617 573 1716 insuper
601 1616 645 1693 ad
671 1616 938 1695 reclamandum
973 1618 1150 1697 indulsit?

116 1733 208 1826 Quo
236 1732 400 1806 deveniet
419 1727 504 1802 fides
527 1727 683 1803 humana
698 1732 734 1803 in
755 1726 1048 1826 promissionibus
1069 1754 1151 1811 mu·

115 1848 215 1930 tuis,
247 1842 343 1917 sadis
364 1842 473 1915 etiam
498 1860 581 1914 cum
613 1839 861 1926 iureiurando,
893 1834 1042 1917 fifidem
1065 1840 1152 1922 Deo

114 1959 234 2033 datam
264 1949 343 2052 post
360 1964 493 2026 tantam
514 1952 689 2049 temporis
709 1951 1015 2052 intercapedinem
1044 1954 1152 2033 liceat

114 2083 188 2145 tam
220 2060 321 2140 sacile
347 2061 505 2149 solvere,
535 2077 596 2138 aut
618 2058 771 2139 fallere?
798 2075 835 2141 et
862 2063 1007 2164 quidem
1030 2091 1093 2166 pet
1111 2069 1153 2143 il·

116 2177 207 2264 los,
257 2196 351 2274 quos
385 2168 486 2252 Deos
515 2173 551 2252 iu
587 2173 644 2251 sua
672 2169 821 2252 Ecclesia
850 2176 895 2252 ad
925 2200 1002 2255 eam
1034 2177 1095 2255 fibi
1130 2204 1152 2258 a

116 2284 312 2368 commillis
334 2281 496 2364 fideunns
521 2285 752 2385 praellandani
783 2286 995 2368 constituit:
1041 2290 1154 2390 hique

118 2401 182 2502 ipsi
205 2405 280 2477 eius
301 2399 446 2499 collegii
467 2398 719 2499 episcoporum
745 2399 852 2488 socii,
885 2402 1004 2502 quiin
1027 2401 1154 2503 spiritu

120 2515 240 2591 sanilo
267 2514 479 2610 congregati
497 2506 663 2587 Tridenti
691 2512 773 2608 post
796 2528 867 2588 tarn
894 2529 1069 2591 maturam
1093 2515 1155 2592 de·

119 2622 368 2701 liberationem
403 2619 724 2721 discussionemque
756 2623 976 2710 statuerunt,
1024 2624 1155 2723 finguli

119 2736 183 2812 sibi
200 2736 341 2811 decreta
365 2729 422 2807 illa
446 2733 661 2809 immutandi
685 2733 865 2809 licentiam
896 2732 1091 2834 usurpent?
1114 2735 1155 2814 ld

118 2870 207 2923 veto
227 2869 304 2923 uno
335 2843 538 2944 eodemque
560 2839 672 2920 halitu
695 2846 924 2941 punuatores
956 2839 1155 2935 Emsenses‚

119 2956 216 3062 quast
235 2958 405 3034 omnibus
426 2952 584 3033 Ecclesiae
602 2953 813 3032 santtifflmn
837 2950 977 3056 legibus
1000 2959 1159 3058 superio-

121 3094 200 3159 res,
234 3089 323 3145 mox
347 3071 477 3145 iterum
502 3067 721 3165 indulgent,
764 3068 853 3146 dum
873 3068 1090 3147 constitutos
1110 3074 1157 3147 ab

123 3184 254 3261 eodem
285 3178 444 3259 concilio
473 3174 693 3256 Tridentino
724 3182 803 3280 posi
823 3181 974 3259 multam
1000 3181 1159 3282 disquill·

122 3301 286 3380 tionem,
333 3308 374 3370 ut
394 3312 438 3369 ex
466 3291 548 3368 atlis
571 3305 606 3368 et
631 3290 707 3368 hist.
728 3295 872 3368 concilii
897 3287 998 3371 Trid.
1015 3290 1054 3387 u)
1070 3318 1162 3372 con·

126 3408 213 3491 stat,
244 3407 287 3481 ad
311 3403 564 3507 profeffionem
588 3400 786 3480 solemnem
814 3410 929 3485 [aetatis
947 3428 1064 3483 annos
1092 3407 1161 3482 im-

127 3535 309 3603 mutare,⁴
333 3518 420 3595 nulli
445 3516 507 3592 fibi
539 3512 706 3614 religioni
737 3514 901 3594 ducunt:
953 3533 990 3593 et
1011 3519 1160 3620 quidem

129 3645 202 3707 tam
223 3633 436 3715 enormiter,
468 3644 508 3707 ut
527 3627 615 3705 loco
640 3630 723 3703 anni
748 3629 878 3708 decimi
900 3628 1009 3719 sexti,
1049 3653 1159 3734 quem

130 3745 218 3820 olim
237 3743 343 3818 etium
360 3744 514 3842 legimus
540 3765 559 3821 a
577 3738 614 3820 S.
628 3734 754 3821 Basilio
779 3742 1040 3830 constitutum,
1073 3766 1163 3820 con·

981 3866 1107 3947 cilium

174 4022 209 4100 a)
232 4018 338 4086 tanai.
362 4016 511 4107 inxit
533 4041 560 4092 e.
576 4028 606 4100 e.
630 4039 660 4093 n
681 4041 710 4098 a.
733 4023 792 4099 ne
