2506 4958
102 178 105 185 Ι
222 166 379 320 Ιη’ξηιιτη
399 178 528 339 curii}
544 223 586 299 itt
599 222 718 301 terris.
737 246 764 301 c.
781 218 926 301 XLIII.
1016 187 1021 195 Ι
1039 244 1089 318 93

61 399 97 461 ta
123 376 256 481 legitur
273 384 442 462 illustrem
462 378 652 461 reddidille
676 383 876 464 miffionern
903 386 997 464 suam
1027 410 1099 488 pro

61 497 317 575 convertendis
339 497 522 574 haereticis.
581 496 786 574 Condiutor
806 497 938 576 eledus
962 501 1098 600 episco-

60 607 167 709 palis,
201 607 392 707 utiliusque
418 610 462 685 ab
481 604 699 686 antecessore
715 604 895 697 Romam,
917 625 1097 693 tumeam

60 725 111 796 oh
137 721 299 806 caulam,
330 745 415 797 cum
441 724 548 796 etiam
569 720 634 796 alia
668 721 719 798 ob
736 723 881 820 negotia
911 723 1099 806 catholicae
1151 802 1155 809 .

58 833 163 917 fidei,
195 832 309 909 bullas
336 833 394 909 seu
426 831 560 908 litteras
588 822 800 932 apostolicas
835 833 920 910 inde
946 837 1096 924 retulit,
1163 854 1166 859 '

59 944 334 1022 couverlionem
368 935 621 1021 haereticorum
663 961 954 1034 concernentes.
1009 971 1097 1049 quae

61 1053 212 1132 Taurini
235 1058 318 1133 duci
342 1055 525 1133 Sabaudiae
556 1053 780 1133 exhibendas
803 1060 942 1157 accepit
969 1083 1099 1158 apon-

58 1166 178 1252 tihce,
221 1171 279 1245 cui
309 1191 410 1267 aeque
445 1190 488 1244 ac
513 1167 550 1244 S.
568 1163 693 1245 Franc.
718 1165 847 1244 Saleiio
870 1167 976 1247 cordi
1000 1170 1096 1260 fuit.

60 1297 101 1356 ut
135 1279 219 1356 fides
253 1280 428 1356 catholica
464 1280 599 1381 abique
628 1303 693 1383 per
728 1279 886 1358 ditiones
922 1284 1096 1384 principia

61 1391 286 1490 postliminio
317 1393 585 1478 restitueretur,
641 1408 749 1493 atque
780 1394 1096 1495 redintegraretur.

59 1502 176 1600 lgitur
203 1503 335 1582 sanctus
348 1504 574 1604 apostolico,
608 1504 724 1581 redux
746 1506 791 1581 ab
819 1507 1014 1607 apostolica
1046 1507 1099 1587 se·
1195 1544 1198 1549 ·

59 1615 129 1698 de,
164 1619 339 1691 animatus
376 1615 518 1693 fervore
556 1613 716 1692 resumsit
745 1618 933 1719 pristinum
973 1643 1095 1720 oput.

41 1725 334 1827 'milltnneorque
366 1725 462 1802 suam
496 1727 705 1825 prosecutus
739 1729 817 1814 est,
848 1752 925 1806 non
954 1733 1096 1809 obstan·

59 1840 154 1914 tibus
183 1840 266 1914 belli
305 1839 417 1913 turbis
452 1841 547 1912 inter
576 1836 707 1913 ducem
745 1855 782 1912 et
813 1863 935 1937 regem
963 1840 1093 1921 Gallia.

57 1974 156 2034 turn,
190 1954 333 2046 utrique
353 1962 543 2048 acceptus,
574 1947 735 2025 Henrico
752 1946 816 2026 lV.
841 1956 873 2026 ei
890 1953 996 2027 etiam
1012 1952 1097 2029 infr.

59 2085 171 2155 gnum
201 2061 445 2159 episcopatum
475 2059 598 2145 ultra,
628 2081 714 2137 cum
743 2059 828 2139 ellet
854 2059 1009 2149 Parion.
1039 2062 1097 2140 of·

59 2173 224 2264 lerente3
245 2175 306 2272 qui
319 2170 439 2271 postea
461 2168 684 2249 Parifieulem
698 2173 904 2251 cathedram
926 2174 1115 2254 detrecta-⁸

60 2286 137 2370 vit,
170 2289 275 2362 unice
304 2283 403 2360 laetus
434 2284 480 2360 de
506 2300 652 2383 accepta
675 2307 796 2385 arege
818 2287 1016 2385 potestate,
1055 2290 1094 2367 in

58 2418 148 2493 agro
176 2394 356 2481 Gexenh,
388 2399 449 2495 qui
476 2397 512 2471 in
537 2394 729 2474 Gallorum
755 2399 896 2477 ditione
922 2416 1017 2488 erat,
1049 2400 1097 2479 de

58 2508 235 2583 catholica
269 2508 444 2605 religione
479 2508 632 2584 habendi
667 2512 892 2597 conciones.
939 2534 1096 2611 quarum

57 2634 94 2693 et
126 2616 303 2705 efficacia,
344 2643 414 2716 qua
445 2619 604 2719 pollebat
630 2622 794 2707 summa,
846 2622 1025 2722 plurimos
1050 2624 1096 2701 ad
1134 2676 1137 2685 ·

59 2729 167 2805 fidem
193 2727 456 2829 Eccleliamque
492 2729 705 2807 catholicam
736 2731 904 2818 reduxit,
953 2732 1095 2812 neuun
1199 2770 1203 2777 ·

59 2845 109 2916 ibi
135 2845 166 2915 ei
185 2865 203 2914 a
220 2841 385 2914 ministris
409 2845 488 2917 vitae
514 2838 677 2928 infimis,
716 2843 817 2943 quod
835 2846 929 2920 duos
956 2844 1098 2923 nobiles

58 2957 153 3030 viros
180 2951 361 3030 Gerenies
391 2953 434 3028 ad
473 2949 633 3031 Ecclesiae
670 2956 853 3054 gremium
893 2953 1096 3034 revocallet.

58 3111 80 3158 ‚5
111 3063 155 3143 Et
176 3080 317 3142 tantum
344 3064 459 3142 abfuit
488 3068 618 3161 (utin
642 3064 782 3143 laudata
806 3069 875 3144 iam
909 3067 1004 3144 bulla
1039 3092 1098 3147 ca·

57 3235 80 3269 „
108 3179 355 3254 nonizationis
370 3173 561 3268 narratur)
591 3196 631 3254 ut
652 3170 843 3278 propterea
860 3179 903 3256 ab
924 3183 1095 3281 incoepto

59 3345 82 3381 ‚,
113 3288 316 3374 defilleret,
362 3305 401 3364 ut
434 3290 653 3365 constantius
685 3289 908 3368 desudaverit
934 3295 971 3367 in
1005 3315 1097 3369 eon·

60 3456 83 3490 „
113 3403 280 3477 cionibus
304 3399 504 3485 habendis,
539 3424 694 3500 quarum
728 3405 762 3478 vi
785 3401 970 3488 Divione,
1003 3402 1098 3482 Gra-

59 3569 82 3607 „
112 3513 316 3610 tianopoli,
347 3510 481 3590 Parthis
509 3528 544 3588 et
563 3512 643 3588 alibi
670 3511 790 3614 plures
822 3513 976 3612 iuhgnes
1000 3518 1098 3593 viros

57 3678 80 3717 „
111 3621 192 3696 fidei
217 3623 400 3701 catholicae
422 3625 593 3710 restituit,
631 3648 672 3700 uc
694 3630 873 3725 praecipne
900 3625 1098 3705 Claudium

59 3790 81 3829 ‚‚
111 3732 332 3812 Burcardum
363 3734 554 3813 Laulaunae
576 3736 762 3836 publicum
783 3737 980 3837 theologiae
1012 3760 1098 3839 pro.

57 3904 81 3944 „
110 3842 309 3935 fellotem,
362 3846 589 3928 Franciscum
639 3847 770 3928 ducem
825 3848 1095 3952 Diguetianum

903 4057 926 4097 „
953 4000 1043 4082 Del.
