2506 4958
203 254 354 330 regnum
385 227 515 323 obruit
541 232 582 307 iu
610 232 729 309 terrie
760 252 788 311 c.
815 228 962 313 XXIX.
1022 167 1126 323 261¹

105 386 110 391 ⁵
147 392 249 472 Salva
276 419 354 471 non
384 393 499 472 solum
532 394 601 471 fuit
635 393 770 495 iemper
809 393 982 473 Romanae
1012 381 1103 477 ledia
1187 435 1192 444 *

60 505 241 606 dignitas,
273 507 363 584 dum
390 529 478 582 mox
498 505 611 583 altero
637 531 734 582 anno
761 507 850 598 4¹1·
880 508 963 605 post
980 501 1100 586 Alari-

61 643 149 698 cum
173 618 355 696 crudelior
380 621 592 718 avariorque
616 618 813 718 litaulphus
838 619 995 727 defundi
1019 622 1101 699 Ala.

61 735 129 810 rici
142 728 318 808 luceeilot
339 729 493 808 Romam
514 730 681 807 rebellare
700 731 952 818 meditantem,
967 732 1099 832 ipsum.
1203 784 1227 812 ,,

62 867 141 944 que
164 846 270 920 etiam
288 840 496 920 Romanum
520 867 654 920 nomen
675 842 819 936 abolere
838 847 1021 922 inanimo
1037 845 1100 934 haf

61 956 169 1044 buit,·
197 958 475 1040 verumetiam,
524 970 565 1033 ut
591 957 659 1030 iam
681 954 783 1052 sopra
808 958 978 1043 memini,
1009 955 1099 1036 salu.

61 1081 139 1145 tem
169 1065 264 1144 suam
289 1065 407 1143 Roma
431 1069 464 1144 S.
486 1065 603 1143 Leoni
627 1066 680 1143 M.
700 1065 736 1142 P.
755 1069 790 1141 in
810 1071 963 1167 acceptis
992 1069 1100 1146 refer.
1210 1163 1213 1169 Ι

61 1203 105 1257 re
130 1178 324 1266 debuerat,
355 1203 439 1254 cum
456 1181 500 1253 ab
517 1178 621 1256 Attila
639 1177 862 1256 Hunnorum
882 1201 989 1279 rege,
1033 1183 1099 1283 qui
1135 1222 1137 1227 ·
1174 1174 1176 1180 ’
1201 1228 1209 1239 2-

61 1291 98 1368 se
132 1288 313 1390 flagellum
348 1290 419 1368 Dei
453 1294 684 1380 nominarat,
732 1292 851 1391 postea
891 1301 1105 1393 peteretur,

69 1406 179 1481 armis
204 1406 240 1476 in
266 1405 468 1503 prov-incias
498 1401 680 1481 Romanas
708 1401 907 1492 converfie,
945 1403 1009 1481 sub
1037 1429 1100 1484 eo·
1223 1428 1228 1441 ’

63 1516 150 1593 dem
177 1514 294 1592 adhuc
321 1513 493 1611 pontifice
518 1540 537 1591 a
564 1514 760 1593 Genlerico
784 1519 890 1593 etiarn
916 1540 972 1592 an.
1003 1537 1096 1608 455.

62 1625 305 1727 depopulata,
343 1648 413 1726 qua
438 1627 582 1704 tandem
601 1626 819 1727 Augustulus
852 1629 896 1703 ab
927 1627 1100 1707 Odoaere
1144 1720 1146 1726 s
1182 1620 1186 1628 ’

61 1736 206 1818 Herulo
231 1738 418 1837 expulsus,
448 1763 526 1814 eam
552 1739 695 1839 reliquit
718 1764 802 1816 curn
824 1763 939 1837 regno
962 1731 1099 1819 Theo·

63 1850 191 1926 derico
222 1849 379 1937 Gotho,
422 1851 465 1926 ab
500 1854 576 1926 eius
607 1850 733 1948 genti—li
767 1849 890 1927 Totile
922 1857 1097 1951 proximo
1176 1856 1178 1862 ’

64 1961 188 2040 seculo
215 1963 346 2038 iterum
365 1962 554 2038 incensam.
614 1961 718 2055 „Sic
750 1961 927 2038 ceciderat
953 1962 1100 2056 (excla-

65 2129 89 2168 „
117 2089 191 2150 mat
203 2070 389 2152 Boffuetus
401 2069 703 2163 u)admonitione
722 2086 913 2174 quartaet·
924 2071 1099 2162 ultima.)

63 2241 88 2280 „
116 2185 302 2286 Babylon,
323 2189 425 2264 cuius
444 2185 596 2285 liguram
616 2182 730 2262 Roma
748 2187 785 2260 in
801 2182 1005 2264 Occidente
1020 2182 1100 2286 gel·
1168 2223 1169 2226 ¹
1206 2215 1213 2226 ·

65 2296 150 2390 fit„.
208 2295 253 2375 Et
281 2297 419 2375 dudum
444 2313 527 2374 ante
546 2295 642 2376 Otto
667 2295 812 2394 Frilrng.
845 2300 1031 2399 postquam
1053 2298 1099 2376 de

64 2412 220 2508 imperio
250 2408 413 2486 Zenonis
446 2409 572 2495 Isauri,
604 2409 648 2486 de
669 2409 869 2507 Augustulo
900 2411 1097 2498 Romano,
1213 2422 1226 2511 f

67 2539 104 2597 et
132 2524 334 2621 irruptione
361 2523 396 2596 in
425 2523 550 2598 urbem
577 2519 732 2597 Romane
760 2521 823 2597 sub
850 2521 1024 2601 Odoacre
1050 2521 1100 2600 es-

66 2633 309 2724 setlocutus,
339 2637 477 2733 pergit:
506 2632 543 2722 b)
572 2689 594 2724 „
615 2631 841 2719 Exclamare,
884 2644 1010 2714 contra
1042 2658 1104 2713 re-

66 2801 90 2837 „
120 2769 198 2821 turn
222 2744 445 2820 mutabilium
478 2742 627 2819 miletius
655 2760 822 2843 tempore
848 2761 883 2820 et
910 2745 993 2821 loco
1021 2749 1100 2822 exi-

65 2911 90 2948 „
119 2871 229 2955 gente
254 2861 431 2956 cogimur.
492 2853 584 2941 Ecce
608 2858 704 2935 enim
728 2878 881 2953 regnum
914 2856 1003 2936 illud
1028 2881 1102 2932 ma·
1177 2856 1180 2861 ’

65 3024 89 3064 ,,
118 2972 259 3056 almum
284 2992 326 3049 ac
346 2965 654 3070 potentillrmum,
699 2990 741 3044 ac
761 2967 863 3069 quod.
882 2967 958 3049 folo
981 2970 1102 3051 uomi-
1172 3062 1175 3066 ι

573 3077 658 3169 Ra
953 3103 1047 3172 „ne

118 3232 341 3304 soniuccelieur
354 3250 519 3315 rayonnrnt„
537 3234 597 3303 loua
618 3234 646 3295 ia
660 3235 758 3303 tiarae
775 3253 815 3298 un
829 3232 873 3298 tel
885 3231 1047 3309 loerrach,
1071 3234 1101 3307 je

122 3317 258 3389 l'avoue,
283 3338 330 3379 me
356 3322 450 3389 ravit,
474 3338 520 3378 me
531 3334 717 3396 transpone,
734 3337 780 3379 me
791 3335 911 3393 penetre
923 3317 960 3376 de
971 3316 1101 3391 relocet,

121 3400 159 3466 cle
169 3402 228 3476 joie
241 3445 251 3472 ,
273 3402 351 3469 etde
364 3401 608 3468 reconnoillanoe,
652 3400 686 3474 Je
699 3419 737 3466 ne.
749 3402 842 3462 crainr
856 3419 905 3473 nas
920 3398 1103 3474 d'appliquer

122 3478 200 3552 acet
223 3500 397 3545 evenement
417 3482 458 3545 lea
485 3485 598 3560 paroles
621 3484 658 3544 de
682 3481 709 3543 la
732 3481 820 3542 sainte
839 3483 943 3558 l'ierge
967 3483 1038 3542 dans
1053 3479 1104 3545 Fun

122 3567 264 3642 Caurique
276 3587 291 3629 :·
324 3568 431 3629 Dieua
448 3561 648 3628 conversb'les
664 3581 763 3642 tyruns
782 3567 818 3626 de
840 3564 899 3624 leur
913 3565 1019 3635 triane,
1040 3581 1070 3624 et
1084 3561 1104 3624 il

121 3643 278 3729 replace'
303 3669 398 3722 ceux,
433 3649 516 3726 qu’ila
543 3650 635 3711 tenuit
667 3649 740 3708 dans
772 3647 962 3710 humiliation.
1013 3644 1106 3724 Eullse

116 3733 229 3802 sainte,
254 3732 439 3809 triomuhezf,
463 3749 491 3793 et
502 3753 557 3809 que
569 3748 649 3797 toute
668 3729 694 3790 la
706 3729 797 3810 glorie
814 3750 849 3794 en
868 3728 919 3790 loir
931 3727 1044 3799 ‘auotre
1060 3721 1107 3795 ce.

120 3813 190 3876 leste
216 3809 333 3890 ennox,
358 3819 405 3893 qui
418 3835 434 3875 a
447 3809 536 3890 ope're
548 3813 630 3876 suria
647 3829 722 3875 terre
739 3814 776 3875 d'e
791 3815 806 3874 st
829 3815 934 3889 grands
947 3815 1104 3889 prodigas,

121 3916 179 3974 que
206 3918 259 3958 vor
282 3901 358 3960 vruir
384 3899 486 3961 enfans
502 3900 563 3961 a'en
589 3894 775 3974 rejouillent,
798 3915 828 3960 et
861 3916 898 3959 en
927 3894 1108 3974 triumphent

127 3999 200 4047 arec
228 3984 332 4051 uousl,

113 4089 152 4166 a)
173 4086 217 4152 De
238 4088 360 4151 excidio
374 4086 532 4167 Babylonia
546 4085 582 4151 T.
595 4085 646 4149 lll.
668 4104 699 4164 p.
722 4048 791 4161 aaa.
837 4088 871 4159 b)
882 4084 924 4145 lib
951 4083 999 4145 lV.
1018 4073 1108 4156 esar.
