2506 4958
310 231 463 311 regnum
484 201 614 303 carim
628 211 671 289 in
685 211 807 291 tenu.
825 233 855 290 c.
874 208 939 294 ult.
1063 233 1142 311 ³45

108 435 133 475 „
163 374 247 456 esset
261 375 411 477 posteris
427 373 713 463 documentum,
743 373 1043 455 adversariosDei
1060 377 1151 455 sem·

104 547 131 587 „
161 489 389 590 perdignum
417 476 547 564 scelere
570 486 634 564 suo
652 489 810 587 recipere
829 489 1044 567 mercedem.
1072 486 1147 569 Hic

86 618 133 698 ‘„
161 615 288 700 captus
314 596 477 684 aPersis,
502 621 579 677 non
599 598 716 675 modo
734 601 948 697 imperium,
975 625 1052 704 quo
1069 602 1147 680 sue·

106 770 133 810 „
163 728 216 790 tat
233 710 426 787 insolenter
448 708 551 798 usus,
576 708 761 788 sedetiam
782 711 1008 803 libertatem,
1037 738 1148 817 quam

107 882 135 922 ,‚
163 825 309 902 coeteris
334 822 539 908 ademerat,
589 821 766 919 perdidit,
797 825 961 947 vixitque
979 826 1019 901 in
1043 827 1150 905 servi-

108 994 136 1034 „
164 951 243 1014 tute
261 933 466 1034 turpissime.
525 930 621 1011 Nam
644 956 706 1009 rex
725 914 908 1012 Persarum
929 935 1065 1035 Sapor,
1090 941 1148 1029 is,

109 1106 136 1146 ,‚
165 1050 228 1149 qui
250 1070 333 1125 eum
354 1057 520 1145 ceperat,
550 1042 746 1146 siquando
765 1045 933 1134 libuerit,
963 1061 1025 1125 aut
1049 1049 1149 1127 vehi

112 1218 139 1257 „
167 1158 291 1238 culum
310 1157 517 1244 ascendere,
546 1171 608 1234 aut
625 1178 782 1256 equum,
803 1157 977 1236 inclinare
995 1157 1057 1235 fibi
1073 1158 1152 1238 Ro·

112 1328 139 1368 „
168 1293 316 1348 manum
345 1268 515 1354 iubebat,
546 1291 589 1345 ac
613 1282 715 1367 terga
735 1270 920 1371 praebere,
950 1288 986 1347 et
1004 1270 1151 1371 impos·

109 1440 137 1479 ,‚
166 1398 206 1461 to
227 1381 318 1482 pede
341 1379 445 1479 supra
471 1378 619 1457 dorsum
639 1381 737 1468 eiua,
783 1380 876 1458 iliud
901 1379 971 1458 esse
996 1406 1150 1474 verum,

107 1551 136 1591 ,‚
164 1494 323 1579 dicebat,
354 1490 530 1591 triumphi
550 1513 714 1590 genus„.
773 1489 916 1571 Referta
930 1492 1010 1572 sunt
1023 1495 1069 1572 de
1085 1496 1152 1574 hac

110 1602 416 1709 persecutiones.
437 1602 611 1702 Cypriani
633 1601 782 1702 scripta,
811 1607 875 1702 qui
894 1606 931 1680 in
948 1630 986 1683 ea
1009 1607 1150 1707 glorio-
1216 1640 1221 1649 ·

112 1718 194 1796 sum
224 1717 436 1817 martyrium
469 1713 594 1800 subiit,
623 1713 786 1791 strenuus
812 1714 871 1791 ille
891 1718 1023 1796 uindex
1048 1719 1151 1798 disci·

110 1830 219 1932 plinae
238 1830 275 1904 in
302 1826 478 1926 potestate
504 1824 658 1904 clavium
686 1843 815 1903 contra
837 1849 927 1912 eos,
974 1832 1036 1927 qui
1065 1855 1151 1930 erga

70 1942 194 2040 ‚slap
189 1965 230 2017 os
176 1940 303 2016 sin
330 1937 387 2016 issa
416 1935 667 2038 persecutione
694 1935 956 2034 indulgentius
968 1941 1151 2036 agendum

70 2046 425 2141 ,εΧίίιῑιιιιΙΧιιιιΗ
426 2048 600 2143 ,Aditum
616 2047 669 2136 se,
697 2064 738 2126 nt
754 2044 792 2137 u)
810 2049 854 2125 ad
874 2048 1092 2128 Cornelium
1113 2051 1150 2129 P

110 2163 310 2261 „scribit,
355 2160 418 2237 sibi
444 2183 521 2237 non
544 2160 863 2239 lamentationibus
888 2175 925 2237 et
950 2160 1152 2241 satissasiio·

110 2275 294 2371 „nibnm
325 2272 383 2349 sed
401 2273 598 2350 terroribus
614 2271 746 2359 facere,
778 2295 848 2370 pro
863 2288 966 2350 certo
980 2272 1151 2364 babeant,

111 2402 291 2483 „contra
321 2384 406 2461 tales
444 2384 598 2461 clausam
629 2385 717 2462 stare
749 2380 939 2462 Ecclesiam
970 2382 1152 2475 Domini

70 2554 139 2596 ,,
168 2522 237 2576 nec
265 2497 372 2575 castra
393 2495 525 2575 Christi
557 2496 711 2581 invitia,
754 2510 790 2571 et
812 2495 937 2582 sortia,
980 2495 1153 2576 Domino

70 2692 72 2697 ,
108 2624 293 2708 „tuente
320 2612 485 2694 munita,
538 2608 646 2683 minis
678 2605 816 2683 cedere.
875 2606 1048 2686 Sacerdos
1079 2607 1154 2687 Dei

70 2726 78 2805 ’.
110 2777 140 2819 „
170 2717 396 2816 evangelium
425 2731 577 2803 tenens,
603 2732 640 2795 et
672 2716 804 2796 Christi
830 2734 1009 2818 praecepta
1036 2720 1154 2797 custo-

112 2889 141 2929 „
170 2832 298 2916 diens,
320 2828 440 2906 occidi
457 2828 593 2928 potest,
624 2828 720 2905 vinci
741 2851 818 2905 non
832 2831 951 2927 poten
964 2886 997 2921 „.
1029 2827 1154 2909 Gemi-

112 2967 164 3023 na
181 2942 230 3019 est
245 2941 435 3027 sententia,
465 2941 668 3040 quantitux
683 2942 719 3016 in
735 2939 883 3041 epistosn
899 2965 988 3019 mox
1004 2940 1156 3042 sequen.

115 3058 148 3135 ti
171 3054 216 3132 ad
254 3051 510 3131 Thibaritanos
543 3047 584 3140 b)
608 3051 650 3129 de
678 3044 924 3129 exhortatione
960 3056 1155 3151 martyrii:

116 3224 144 3264 ,,
172 3165 384 3266 Fungamur
407 3165 507 3242 exitu
533 3166 770 3243 montiacum
795 3166 946 3267 praemio
968 3168 1158 3244 immorta-

115 3334 144 3374 „
171 3278 308 3364 lituris,
358 3299 427 3353 nec
458 3299 645 3354 vereamur
677 3276 821 3367 occidi,
867 3299 965 3380 quos
992 3278 1155 3368 constat,

118 3446 144 3484 „
172 3387 320 3493 quando
339 3387 565 3475 occidimur,
594 3390 810 3480 coronari„.

70 3602 73 3651 3
204 3548 333 3628 Poenas
357 3571 473 3650 porro
507 3547 717 3628 Romanum
742 3548 937 3651 imperium
963 3548 1042 3633 satis
1069 3560 1166 3633 tunc'

70 3664 75 3767 i,
122 3663 191 3742 tuit
215 3660 282 3739 suu
312 3663 350 3736 in
377 3661 587 3740 christianos
617 3664 849 3740 immanitatis
870 3660 1051 3744 invasione
1083 3666 1163 3741 bar·

72 3814 78 3879 3
122 3776 290 3855 baranum
315 3772 478 3876 undique
500 3776 669 3874 gentium
703 3775 741 3850 in
769 3776 1000 3879 provincias,
1031 3775 1165 3855 Gothis

70 3924 81 4002 μ
615 3883 702 3977 Y5
912 3885 1108 3967 Thraciam

70 4056 85 4145 Ι.
165 4012 205 4088 a)
226 4005 315 4088 nnn.
332 4003 393 4073 bis.
447 4003 785 4089 b)p.91..ed.liu1nn.
