2506 4958
39 580 45 589 ·
121 554 199 647 149
482 526 812 627 mutuatim

197 690 272 777 cut
297 715 387 774 reto
410 692 503 775 dista
526 692 605 777 hec
628 696 765 795 septem
786 691 942 775 enclesis
965 689 1054 775 tue
1076 716 1157 775 non

115 805 162 888 ad
184 806 269 885 alias
291 826 425 889 omoet
446 809 614 887 omnum
633 822 841 906 tempotum
864 805 1027 885 ecclefiae
1048 830 1157 889 acuo·

38 996 41 1001 .
114 918 267 999 modun
303 914 374 997 esl'e
409 920 623 1005 videantur.
648 940 802 1015 regnunt
842 916 1017 999 Christi
1005 942 1045 997 rn
1086 933 1159 998 tet·

114 1028 195 1109 riri
221 1052 304 1161 qua¹
332 1026 485 1109 Ecclesia
507 1028 663 1107 militans
686 1030 838 1115 dicitnr,
867 1052 915 1107 ex
931 1028 1087 1111 vidoriie
1100 1052 1158 1111 re·

42 1214 48 1221 .
115 1144 270 1247 portatis
288 1128 483 1243 aliquando
500 1140 817 1242 triumphatorem
835 1140 963 1228 eoetrr.
993 1143 1080 1244 quia
1092 1144 1156 1241 qui

113 1258 215 1333 iuxta
230 1250 446 1355 Apostolum
460 1249 617 1349 legitime
633 1274 705 1328 non
731 1255 1039 1341 certaverimus
1056 1276 1157 1331 mro·

115 1363 275 1449 truditur.
332 1362 463 1467 Neque
488 1382 575 1443 tero
603 1363 676 1443 sine
698 1363 799 1443 hoste
825 1388 969 1466 pugna,
991 1360 1064 1443 sine
1088 1388 1156 1466 po·

115 1500 192 1581 gna
233 1474 407 1559 viderie:
452 1476 552 1555 unde
583 1476 657 1567 ¹illae
694 1474 828 1577 septem
858 1480 954 1554 tubae
984 1474 1082 1577 quasi
1109 1476 1156 1555 ad

117 1586 299 1673 classicum
328 1587 559 1673 canendum:
606 1588 756 1689 perinde
787 1610 830 1666 ac
858 1588 995 1691 septem
1027 1588 1157 1689 ptura

117 1700 250 1787 divine
267 1702 316 1789 ,in
348 1698 467 1779 hostes
497 1696 658 1779 Ecclesiae
684 1700 868 1779 militantis
891 1694 996 1801 segni
1021 1697 1156 1779 Christi

118 1816 159 1901 in
191 1813 295 1891 terrie
320 1804 483 1889 vinditiae
506 1810 654 1911 fingulae
682 1808 829 1911 lingulis
855 1810 960 1901 suut.
1003 1833 1158 1913 quarum

116 1920 244 2025 igilur
261 1920 486 2023 resignamus
501 1945 564 2023 per
592 1922 726 2023 septem
750 1918 911 2005 Ecclesiae
929 1922 1088 2025 epochas
1110 1923 1156 2001 ab

75 2060 80 2067 ·
110 2026 204 2117 ¹esur
220 2034 382 2117 exordio
401 2036 516 2135 usque
534 2030 701 2115 adfinem
720 2036 757 2111 in
778 2031 1091 2113 consummatione
1106 2034 1158 2112 se..

116 2146 193 2229 culs
208 2150 309 2233 iuxta
337 2161 560 2225 memoratos
586 2144 667 2223 illos
699 2144 890 2247 scriptores
917 2143 1156 2233 Chetardsunr

118 2276 158 2347 et
177 2256 434 2345 Pastotinsurn,
460 2259 524 2357 qui
546 2270 664 2358 ntrpet
682 2256 828 2359 systema
849 2256 941 2335 iilud
956 2260 1073 2357 mogh
1088 2279 1157 2334 ex-

117 2370 235 2453 coluit
257 2372 371 2451 tribus
400 2369 670 2458 voluminibus,
701 2388 808 2470 atque
826 2372 862 2448 in
880 2393 925 2445 eo
948 2394 1057 2469 quarn
1084 2393 1159 2445 ma·

119 2488 221 2562 xime
251 2482 364 2559 secent
394 2483 558 2562 accendit
592 2483 636 2558 ad
668 2481 903 2579 dispelleodas
932 2480 1157 2559 obscuritatis

119 2592 289 2679 nebulas,
339 2615 473 2668 nexum
509 2595 603 2668 inter
633 2592 765 2691 septem
795 2591 928 2689 sigilla,
960 2594 1082 2676 tubas,
1122 2611 1159 2670 et

119 2705 254 2806 phialas
283 2702 532 2780 ostendendo:
556 2703 654 2780 unde
683 2703 803 2802 suapte
832 2707 977 2803 partitio
1012 2707 1052 2779 in
1082 2702 1158 2804 sep.

119 2835 196 2895 tern
218 2829 337 2892 aetates
360 2814 419 2891 seu
441 2814 597 2913 epochas
619 2815 772 2897 historia
792 2812 953 2894 Ecclesia
974 2815 1158 2891 militantis

121 2930 226 3026 regns
259 2925 391 3007 Christi
426 2928 463 3001 in
499 2928 600 3004 terris
639 2925 893 3026 consequitur,
944 2943 986 3004 ut
1016 2926 1158 3004 nonnisi

119 3040 208 3119 sassa
238 3052 277 3118 et
306 3037 377 3119 fata
407 3051 485 3117 turn
516 3035 677 3117 Ecclesia
705 3061 791 3116 curn
821 3042 896 3116 eius
923 3038 1081 3120 hosliunr
1111 3061 1159 3116 ex

121 3152 210 3232 serie
230 3164 439 3250 temporum
462 3150 667 3249 colligenda
685 3151 819 3233 suerint
838 3166 945 3249 atque
970 3151 1037 3228 suis
1062 3175 1160 3249 quae.

119 3289 194 3367 que
218 3262 310 3363 locis
343 3264 442 3341 iuxta
469 3263 635 3340 ordinem
655 3261 787 3361 septem
801 3260 1026 3360 figillorunr,
1057 3264 1160 3339 tuba-

119 3401 234 3462 rum,
287 3369 486 3476 phialarum
525 3374 760 3472 coaptanda.
812 3389 848 3450 et
889 3374 1159 3450 accomodanda

120 3486 388 3568 narrationibus
411 3501 447 3561 et
471 3486 689 3584 imaginibus
710 3484 931 3585 propheticis
953 3486 1159 3586 Apocalyp-

120 3598 184 3687 fis,
215 3601 253 3677 in
282 3596 350 3674 illis
376 3596 535 3675 aetabhus
564 3594 627 3675 seu
646 3596 793 3695 epochis
815 3611 1047 3696 tempotum,
1078 3621 1159 3696 quae

121 3713 193 3789 ianr
225 3709 401 3811 praeterita
429 3707 544 3785 oculis
576 3708 704 3784 noslris
734 3709 986 3786 obversantur:
1034 3710 1156 3817 unde

119 3840 164 3902 ut
186 3825 257 3905 ianr
283 3820 522 3907 monuimus,
569 3820 826 3919 posterioribus
854 3819 910 3898 his
932 3823 1159 3920 temporibus

122 3932 282 4015 facilior
311 3930 596 4031 expeditiorque
624 3932 673 4007 est
706 3932 844 4013 reddita
887 3935 1161 4062 interpretatio,

120 4067 232 4147 quam
258 4043 414 4144 antiquis
442 4040 575 4127 fuerit,
607 4041 728 4125 sanssis
757 4042 965 4125 lintribus
955 4046 1161 4144 imprimis,

121 4180 204 4262 quo
229 4154 337 4245 altine
360 4177 488 4235 eorum
510 4155 623 4258 surgit
649 4171 756 4246 aetas.
783 4170 892 4261 atque
917 4157 1009 4236 adeo
1039 4179 1161 4233 temo-

1030 4353 1106 4431 tior
