2506 4958
216 232 367 309 regnum
398 205 527 296 caram
549 182 591 287 ni
608 212 728 289 unis.
749 232 778 290 e.
800 208 946 294 xxxi.
1004 237 1085 315 η,
1232 252 1235 259 -

48 378 189 479 liquam
203 372 277 451 sete
290 370 470 470 Europam
487 386 523 447 et
537 369 691 477 Africam
706 381 989 474 occupantibus,
1006 380 1083 479 ple·

49 496 176 589 risque
197 487 368 563 omnibus
394 482 529 559 Arianae
546 481 687 571 lraeresi,
717 502 778 560 aut
795 487 912 590 adhuc
925 491 1083 587 gentilis·

51 626 119 679 mo
135 596 306 688 addidis3
334 597 380 670 ita
406 608 444 671 ut
471 592 678 672 clodoveus
707 618 789 672 cum
809 596 877 677 suis
901 602 944 677 ad
971 599 1080 682 fidem

51 711 281 793 christianam
300 703 489 783 conversus
514 728 606 781 unua
629 706 827 786 catholicon
844 713 1009 813 princeps
1028 717 1084 790 in.

53 840 164 903 eunte
181 819 245 899 sec
273 816 337 895 Vl.
365 816 578 910 haberetur;
618 816 704 893 dum
732 825 837 895 etiam
866 825 901 898 in
927 820 1081 915 Oriente

57 926 255 1016 Anastuliur
277 933 359 1028 imp.
394 925 542 1027 perinde
567 951 608 1004 ac
631 928 829 1007 antecellor
854 935 929 1009 eius
949 933 1081 1027 Zeno,

54 1070 97 1126 ac
114 1043 232 1122 multu
246 1040 365 1117 adhuc
387 1037 538 1137 amplius
561 1037 677 1117 haeresr
704 1038 931 1142 Eutychianae
961 1062 1082 1145 patru-

19 1140 24 1172 '
54 1163 252 1235 cibaretur:
283 1152 490 1251 quippequi
507 1173 580 1225 non
595 1150 707 1227 solum
722 1150 941 1232 Henuticurn
953 1154 1078 1238 Zeno·

56 1272 137 1356 nis,
165 1288 240 1367 quo
258 1260 686 1360 Semi-eutychianorum
705 1263 803 1341 causa
819 1269 1010 1365 agebatur,
1030 1260 1085 1347 r'e-

56 1381 176 1480 cepit,
208 1396 330 1451 verum
350 1372 440 1448 ultra
467 1373 572 1448 etiam
597 1371 799 1473 progressus
820 1379 869 1455 est
894 1381 1084 1480 instigante

61 1491 114 1569 lo.
145 1485 408 1583 Alexandrino,
437 1487 502 1584 qui
523 1499 644 1582 aperte
662 1486 862 1565 concilium
884 1484 1085 1570 Chalcedo-

59 1599 167 1678 neuse
183 1605 267 1676 cum
282 1594 428 1696 epistola
446 1595 479 1672 S.
508 1590 641 1672 Leonis
653 1594 689 1673 P.
721 1600 868 1686 reiecit,
898 1603 1084 1685 catholici·

59 1710 236 1813 episcopis
250 1711 285 1785 in
301 1706 448 1785 exilium
467 1707 593 1783 eiedir.
623 1706 866 1787 Perseverabat
878 1717 981 1790 etiam
998 1732 1086 1796 tunc

57 1822 204 1902 schisma
221 1819 434 1897 Acacianum
456 1814 647 1915 Orientem
673 1822 765 1896 inter
783 1820 1082 1906 etOccidentem.

59 1933 237 2035 Equidem
258 1934 352 2030 pacit
371 1928 605 2007 conciliandae
623 1930 721 2007 causa
745 1928 956 2010 Hormisdas
977 1935 1012 2013 P.
1041 1940 1087 2016 ab
1243 2024 1249 2034 ,

63 2041 240 2126 Anastasio
269 2047 355 2140 imp.
384 2039 645 2138 interpellatus,
675 2040 811 2140 legatos
838 2048 873 2120 in
893 2043 1086 2128 Orientem

63 2154 182 2248 milit3
220 2154 277 2232 sed
309 2176 392 2230 cum
423 2151 587 2228 formulae
627 2154 783 2229 articulis
816 2152 861 2231 ad
891 2156 1087 2239 laciendum

66 2271 242 2348 unionem
261 2264 472 2341 subscribere
491 2263 716 2350 detredlaret,
746 2268 782 2340 in
805 2267 941 2343 irritum
964 2275 1088 2351 omnia

65 2382 246 2457 abierunt:
275 2377 393 2452 donec
407 2375 525 2473 postea
542 2374 602 2450 sub
627 2373 761 2452 lustino
780 2378 938 2455 Anallasri
955 2382 1088 2459 succes·

64 2492 168 2578 sure,
188 2511 281 2564 nova
295 2486 475 2584 legatione
491 2483 607 2572 milsa',
629 2489 784 2564 restituta
799 2491 847 2565 eil
862 2497 1088 2572 communio.

149 2643 948 2746 Maiorverufuitsedisapostollcaedignitar,
977 2676 1091 2755 quan·
1249 2712 1252 2719 .

67 2763 118 2840 do
137 2757 255 2837 Gothi
271 2755 386 2834 Roma
399 2757 476 2831 sunt
496 2759 619 2855 potiti,
650 2776 754 2854 quam
774 2761 894 2857 postea
907 2786 943 2835 ta
959 2764 1091 2844 lterum

68 2870 343 2971 imperatoribus
357 2868 511 2944 restituta
525 2923 534 2950 ‚
550 2880 589 2942 ut
609 2865 664 2940 vel
683 2868 818 2944 Silverii
832 2888 867 2944 et
883 2871 1004 2968 Vigilii
1022 2873 1091 2955 PP.

69 2986 140 3061 sata
184 2980 437 3058 demonstrant.
514 2977 724 3055 lustinianus
780 2982 865 3079 imp.
922 2985 1091 3081 equidem

73 3092 211 3191 lustinu
238 3089 266 3168 Ι.
305 3105 455 3167 mortuo
476 3088 684 3174 succedens,
714 3114 796 3166 cum
819 3095 853 3166 in
873 3095 1094 3174 consessione

70 3205 182 3290 fidei,
212 3222 319 3302 quam
348 3223 438 3277 mox
468 3225 522 3277 an.
574 3212 662 3288 528.
704 3200 918 3299 publicavit,
949 3209 1095 3288 concilii

71 3312 237 3416 Ephelini
253 3327 289 3389 et
305 3311 527 3390 lubiedlionis
542 3310 585 3386 ad
604 3310 717 3386 sedem
737 3314 975 3411 Apostolicam
995 3340 1097 3394 men.

72 3430 177 3505 tione
199 3422 295 3502 nulla
319 3423 428 3508 satia,
459 3421 725 3500 Nestorianilmi
752 3427 783 3498 le
804 3425 994 3522 l'ulpecium
1018 3431 1098 3506 red.
1168 3506 1172 3513 ,

58 3536 201 3620 deret,
238 3533 392 3633 epistulis
428 3531 495 3610 lese
523 3534 688 3632 purgavit
719 3526 757 3621 u)
784 3536 827 3609 ad
860 3535 1097 3623 patriarcham

74 3645 313 3746 Cpolitauum
326 3660 361 3720 et
378 3646 490 3745 ipsum
507 3643 677 3720 loannem
691 3641 725 3719 P.
743 3645 850 3721 datis:
870 3701 892 3736 „
913 3646 1100 3733 Nectum

75 3815 100 3851 „
118 3761 286 3856 patimut,
298 3760 365 3854 (ut
377 3759 411 3832 in
424 3754 568 3858 epillola
583 3754 625 3829 ad
638 3756 870 3855 patriarcham
888 3757 1043 3848 scribit.)
1061 3780 1103 3848 ut

77 3868 187 3946 Tun.
219 3865 246 3944 l.
582 3864 606 3943 S
890 3922 916 3965 .
943 3873 1047 3974 quid-

120 4040 156 4117 a)
177 4026 399 4118 uenerabere
416 4051 445 4117 7.
468 4034 506 4101 de
528 4030 636 4101 summe
660 4035 814 4107 Trinium.
