2506 4958
229 244 382 323 regnum
407 215 537 312 coristi
558 174 737 300 infamis.
756 228 785 299 ι’.
804 216 969 299 XXVII.
1056 240 1137 318 237

105 444 132 484 „
160 384 247 465 dare
270 387 394 464 conati
415 360 518 471 iu'nt,
550 387 695 462 vincant
724 381 914 462 inscelere
946 382 1140 463 ler'oboarn

102 557 130 595 „
161 521 286 598 regern
312 497 414 599 lsrael
432 553 466 588 „.
512 495 610 574 idem
634 496 669 573 S.
688 494 937 597 Hieronymus
958 492 997 585 o)
1014 499 1049 571 in
1066 501 1144 597 epi·

103 611 237 712 taphio
266 609 470 709 ⁵Nepotiani
501 610 545 685 ad
580 603 823 686 Heliodorum
855 623 1035 707 tragicum
1065 608 1143 687 iere

105 727 251 804 exitum
283 737 359 798 turn
391 720 517 798 loliani
544 721 711 821 apostata
727 744 810 797 curn
830 720 987 798 aliorum
1010 718 1061 798 lui
1076 721 1142 803 aevi

111 841 415 936 imperatorum,
446 836 510 933 qui
542 832 705 933 plerique
738 829 899 910 Eccleliae
922 830 1035 908 infesti
1065 832 1144 911 fue·

107 964 199 1025 runt
222 944 391 1025 haeresum
402 960 463 1022 aut
485 947 591 1019 etiarn
607 942 820 1021 idololatria
842 944 1002 1022 fautores
1023 943 1146 1023 indul-

108 1060 322 1163 gentiorer,
344 1074 405 1134 aut
433 1059 601 1158 tyranni,
632 1050 843 1134 recensent:
872 1111 896 1152 „
912 1052 1146 1135 Constantius

106 1228 134 1266 „
152 1165 335 1271 (inquit.)
347 1171 483 1247 Arianae
499 1167 618 1245 fautor
633 1168 817 1256 haereseos,
832 1168 919 1247 duna
936 1183 1064 1245 contra
1077 1170 1148 1247 ini.
1210 1186 1219 1195 ·

108 1338 137 1379 ,‚
162 1283 301 1359 micum
315 1295 476 1381 paratur,
499 1296 534 1356 et
548 1283 713 1359 concitus
725 1281 839 1359 fertur
852 1280 896 1357 ad
912 1282 1146 1383 pugnam,in

112 1452 139 1493 „
163 1388 285 1494 Mopsi
303 1391 422 1469 viculo
443 1395 627 1480 moriens,
659 1416 795 1494 magno
807 1390 934 1469 dolore
951 1390 1048 1471 hosti
1064 1392 1148 1471 reli·

111 1564 137 1603 ‚,
161 1510 241 1609 quit
275 1508 479 1604 imperium.
517 1502 674 1583 lulianus
705 1507 872 1607 proditor
901 1508 1030 1583 animat
1056 1504 1144 1597 luae,

110 1677 137 1716 „
160 1634 198 1696 et
212 1618 390 1696 christiani
414 1616 597 1716 iugulator
616 1621 814 1704 exercitus,
845 1614 1031 1697 Christum
1047 1616 1150 1699 leniit

113 1788 140 1826 ‚,
161 1734 199 1807 in
228 1722 370 1813 Media,
402 1732 691 1830 quamprimum
716 1730 763 1825 ,ln
787 1726 902 1809 Gallia
926 1728 1146 1829 denegarat,

115 1899 141 1938 ‚,
162 1844 325 1944 dunrque
342 1840 529 1919 Romanos
550 1841 627 1918 vult
658 1864 859 1943 propagare
890 1838 997 1929 lines,
1029 1843 1150 1942 perdit
1216 1934 1219 1939 ,

117 2012 143 2051 ,,
166 1968 395 2057 propagatos.
430 1951 596 2029 lovianus
621 1954 769 2053 gustatis
800 1967 940 2029 tantum
968 1952 1149 2053 regalibut

117 2124 142 2162 „
163 2070 282 2153 bonis,
296 2065 440 2143 foedore
454 2085 652 2165 prunarum
668 2063 860 2143 suffocatus
874 2063 1019 2151 interiit,
1030 2064 1150 2143 olien-

116 2236 142 2275 „
162 2179 252 2257 dena
272 2180 470 2261 omnibus,
501 2176 588 2276 quid
606 2172 646 2253 iit
672 2177 829 2271 humana
857 2178 1031 2279 potentia.
1075 2176 1150 2259 Va·

118 2349 143 2387 „
164 2291 378 2368 lentinianus
402 2288 535 2365 vastato
558 2288 705 2387 genitali
727 2289 828 2376 solo,
860 2307 895 2367 et
919 2286 1070 2367 inultam
1087 2314 1150 2392 pa·

119 2460 144 2498 ‚‚
165 2407 269 2480 triam
290 2402 564 2501 derelinquent,
597 2405 737 2481 vomitu
765 2401 945 2502 sanguinis
966 2402 1148 2484 extindua

122 2573 148 2610 „
171 2517 230 2592 est.
264 2512 378 2592 Huius
391 2537 583 2613 germanus
598 2512 731 2590 Valens
747 2514 912 2593 Gothico
928 2513 1025 2593 bello
1037 2516 1150 2594 vidue

119 2629 206 2722 „in
234 2625 386 2704 Thracia
410 2626 566 2702 eundem
593 2626 717 2702 locum
752 2644 788 2701 et
808 2630 938 2703 mortis
966 2626 1092 2705 habuit
1114 2641 1153 2708 et
1213 2664 1226 2679 ·

121 2797 147 2834 ‚,
169 2737 354 2839 sepulchri.
385 2736 577 2813 Gratianus
596 2739 639 2813 ab
652 2739 812 2814 exercitu
827 2737 892 2815 suo
907 2737 1095 2836 proditur,
1113 2753 1153 2818 et

121 2909 147 2946 ,‚
170 2854 214 2928 ab
233 2852 349 2927 obviis
376 2853 522 2925 urbibus
547 2872 622 2924 non
652 2865 840 2949 receptus,
878 2846 1037 2927 ludibrio
1058 2851 1152 2929 hosti

123 3021 148 3058 „
170 2964 250 3048 fuit,
268 2978 496 3060 cruentaque
514 2984 638 3037 manua
651 2960 794 3059 vestigia
812 2963 961 3059 parietes
975 2964 1039 3049 tui,
1050 2958 1155 3062 Lug.
1245 2968 1250 2977 ’

126 3133 151 3170 ,,
172 3074 282 3158 dunel
301 3074 480 3150 testantur.
499 3072 711 3150 Adolescens
723 3070 994 3179 Valentinianus
1007 3090 1043 3151 et
1057 3096 1155 3176 penu

125 3244 150 3283 „
171 3209 259 3287 puer
284 3187 363 3287 post
389 3186 532 3283 fugam,
551 3186 630 3285 poll
647 3187 774 3272 exilia,
805 3184 885 3285 post
902 3202 1156 3286 recuperatum

125 3357 150 3395 „
175 3299 292 3377 nrulto
317 3299 486 3397 languine
506 3300 698 3398 imperium
716 3354 727 3384 ,
744 3296 841 3375 haud
862 3296 1049 3399 proculab
1064 3299 1156 3378 urba

126 3467 151 3506 „
173 3412 335 3489 fraterna
358 3412 484 3486 mortis
506 3409 664 3496 conscia,
696 3400 841 3487 necatur
858 3410 923 3487 eli:
955 3425 991 3486 et
1007 3408 1158 3491 cadaver

127 3579 150 3618 ‚‚
172 3527 336 3600 exanime
356 3521 543 3622 suspendio
562 3520 782 3608 infamatum.
840 3519 945 3614 Quid
965 3520 1096 3623 loquat
1110 3523 1158 3603 da

130 3692 154 3728 „
172 3634 383 3735 Procopio,
416 3633 607 3718 lllaximo,
626 3631 812 3731 Eugenio,
842 3635 904 3734 qui
922 3637 1048 3734 utique
1068 3634 1157 3715 dum
1225 3724 1230 3735 ,

128 3803 152 3842 „
170 3771 290 3824 rerum
307 3751 520 3847 potirentur,
543 3748 671 3824 terrori
683 3745 851 3843 gentibus
863 3746 985 3824 erant?
1011 3743 1159 3827 Omnes

129 3914 153 3954 „
174 3862 268 3960 capti
290 3860 462 3938 steterunt
482 3872 565 3943 ante
580 3881 645 3935 ora
672 3856 850 3939 vitrorum
867 3872 924 3950 et,
939 3861 957 3955 (
969 3859 1072 3962 quod
1088 3884 1156 3960 po·
1242 3886 1245 3892 ·

981 3984 1104 4069 ,ten-

170 4078 207 4160 o
228 4072 314 4161 Erit
341 4092 388 4161 rr·
412 4070 449 4143 T·
471 4068 576 4160 lien
601 4092 672 4161 aaa·
