2506 4958
229 227 379 305 regmina
398 200 527 298 sitisti
543 206 585 285 in
599 205 721 285 utris.
736 223 767 283 c.
788 200 907 291 XLV,
1023 139 1100 304 apr
1187 163 1191 171 ¹

59 428 84 467 „
113 373 169 453 ius
184 392 380 470 gravamen
399 391 464 472 pet
491 367 772 471 appellationem
796 391 817 445 a
837 365 1021 453 definitiva
1050 397 1107 455 re·

58 541 84 582 „
112 486 226 585 parari
246 498 412 583 nequeat.
469 476 597 583 Legati
611 504 764 584 quoque
781 484 891 560 etiam
908 482 955 562 de
976 487 1105 580 latere,

13 678 19 709 t
57 654 86 693 „
114 595 265 681 Nuntii,
293 593 568 677 Gubernatores
583 591 822 681 eoelefiastici,
852 612 917 673 aut
935 597 994 674 alii
1015 606 1107 701 qna-

11 718 19 817 ξ
58 766 85 805 ,,
115 729 347 809 rumcunque
367 707 579 787 facultatum
601 708 754 806 vigore,
782 727 861 783 uon
877 705 995 786 solum
1015 711 1108 813 epis.

11 826 19 845 '
58 876 85 917 „
112 843 229 920 copos
259 821 296 896 in
330 819 505 919 praedidis
523 814 631 897 causis
649 815 850 920 impedire,
883 834 947 898 eut
976 819 1106 925 aliquo
1161 832 1175 917 ἲ,

11 902 19 1009 .¹
61 932 230 1028 „modo
259 954 399 1010 eorum>
419 929 704 1009 iurisdisiiooem
728 929 770 1005 iis
785 931 1008 1032 praezipere,'
1042 949 1109 1017 eut
1173 934 1184 965 '¹

11 1018 21 1123 .'
61 1100 87 1140 „
115 1046 262 1124 turbare
277 1065 354 1121 uon
375 1043 609 1143 presumant,
643 1041 702 1120 sed
717 1062 788 1120 neo
802 1057 934 1124 contra
956 1043 1109 1126 clericos

11 1126 21 1185 Ι
60 1213 87 1252 ,,
115 1157 271 1256 aliasque
308 1155 479 1256 personas
516 1151 787 1242 ecclesiasticas,
832 1151 899 1237 nili
933 1157 1110 1260 episcopo

11 1246 24 1411 ζ
64 1325 89 1363 ,,
119 1272 219 1369 prius
242 1265 413 1368 requisito
436 1291 555 1370 enque
575 1265 784 1367 negligente
799 1269 1022 1368 procedant:
1046 1273 1111 1352 ali·

10 1472 24 1526 1
64 1434 90 1474 Ι)

116 1405 153 1458 as
176 1403 307 1458 eorum
326 1376 508 1481 processus
530 1379 854 1479 ordinationesque
870 1380 1004 1461 nullius
1026 1406 1110 1462 mo·

62 1548 89 1587 ,‚
118 1494 232 1570 menti
255 1489 344 1580 sunt,
374 1506 483 1595 atque
510 1491 555 1570 ad
580 1492 704 1573 damni
729 1490 1001 1572 ntistattionem
1028 1519 1112 1598 par.

10 1588 21 1637 ³
66 1660 91 1699 „
118 1606 216 1682 tibus
242 1604 328 1682 illati
343 1617 536 1683 teneantur
547 1658 582 1697 „.
640 1603 734 1698 Quo
751 1604 901 1705 quidem
920 1605 1012 1684 nihil
1027 1630 1112 1707 gro·

10 1699 24 1752 ¹
68 1719 145 1796 vius
173 1740 243 1818 pro
262 1715 474 1794 austeritate
506 1715 769 1816 episcoporum
793 1715 915 1794 decidi
944 1732 1112 1817 poterat,

10 1814 24 1917 f
68 1843 208 1908 unium
228 1827 408 1927 displicet,
438 1826 542 1928 quod
559 1826 730 1925 deinceps
755 1828 837 1920 „ab
855 1825 911 1903 his
925 1833 1113 1929 excipian.

10 1926 25 2055 ᾖ
67 1996 92 2035 „
121 1939 332 2025 tur-causa,
361 1960 442 2039 quae
471 1941 570 2017 iuxta
587 1939 780 2015 canonicas
801 1935 999 2016 sandiones
1015 1943 1115 2046 apud

10 2072 25 2091 ⁶
66 2107 92 2148 ‚‚
121 2051 240 2131 sedena
261 2050 496 2153 apostolicam
526 2051 607 2129 sunt
627 2047 839 2128 tratiandae:
869 2048 928 2127 vel
950 2072 1038 2153 quas
1061 2076 1115 2132 ex

10 2152 26 2255 f
71 2220 97 2258 „
126 2165 272 2264 urgenti
293 2161 570 2263 rationabilique
595 2161 696 2240 causa
716 2159 929 2240 iudicaverit
951 2161 1114 2244 summus

70 2332 95 2370 „
125 2275 292 2377 pontifex
312 2298 376 2376 per
390 2273 539 2376 speciale
554 2273 767 2376 rescriptum
786 2270 978 2373 signam
990 2273 1119 2354 sandi.

10 2376 26 2427 ²
69 2445 95 2483 „
124 2390 205 2466 tatis
228 2388 318 2478 suae,
349 2411 460 2466 manu
487 2389 635 2487 propriu
662 2383 980 2476 subscribendum,
1010 2407 1116 2466 com·

9 2489 26 2541 ²
72 2555 98 2593 ,‚
128 2504 271 2578 mittere
303 2515 365 2579 ant
391 2522 544 2578 avomre
570 2552 604 2593 ,.
662 2493 711 2576 Ea
752 2497 918 2599 profesio
946 2520 1023 2577 non
1056 2499 1118 2580 lsi·

73 2614 245 2700 dodana,
277 2627 318 2690 ut
338 2613 524 2699 clamant,
554 2609 790 2712 sedentique
809 2611 969 2710 oprimis
992 2608 1119 2690 Eocle·

9 2714 22 2757 ²
72 2722 130 2801 fiae
154 2724 276 2801 seculis
300 2724 505 2801 constanter
520 2722 715 2800 observatae
737 2720 932 2824 discipline
949 2745 1119 2823 congrua

9 2862 17 2870 ·
73 2837 127 2913 est
144 2836 334 2920 conditio,
363 2834 580 2936 dudumque
592 2836 702 2911 etiarn
722 2847 806 2912 ante
828 2857 1012 2914 canonem
1035 2836 1118 2914 Sar·

75 2947 258 3025 dicensetn
279 2948 463 3033 obtinuit,
490 2961 532 3024 nt
549 2945 808 3045 appellationes
830 2958 868 3024 et
882 2949 1118 3026 evocationes

74 3059 122 3138 ed
142 3059 260 3137 sedem
283 3055 486 3136 Romanam
504 3055 652 3135 tierent:
671 3057 774 3158 quod
792 3059 942 3160 quidem
960 3063 1120 3139 anterio·

76 3173 179 3252 ribus
217 3170 344 3250 seculis
384 3175 445 3247 ab·
462 3152 630 3247 orientali
661 3166 746 3248 Eccl
768 3168 814 3248 lla
846 3170 1119 3271 frequentatum

74 3286 283 3362 constanter
302 3283 440 3370 fuerat,
465 3283 502 3359 in
519 3280 589 3383 ipsa
609 3281 701 3359 urbe
754 3281 831 3383 poli
851 3283 1053 3360 coniitnis
1069 3283 1123 3359 ie·

79 3400 173 3493 gatis
202 3395 261 3475 seu
279 3393 570 3496 responsalibus,
613 3392 661 3470 de
688 3395 823 3495 quibos
848 3393 885 3473 S.
914 3391 1121 3494 Gregorius

80 3506 137 3585 Μ.
163 3507 235 3606 ipse
256 3511 366 3584 etiam
397 3522 481 3584 ante
507 3502 762 3607 pontificatum
787 3528 836 3585 eo
860 3528 1016 3584 munere
1041 3530 1124 3608 per-

80 3619 227 3696 sontior
263 3619 357 3715 (lib.
379 3616 426 3698 ll.
455 3618 582 3719 regest.
604 3639 661 3720 ep.
686 3613 758 3712 7.)
795 3620 859 3714 qni
880 3612 991 3706 uoslri
1007 3615 1122 3716 sunt,

82 3732 228 3831 inquit,
286 3728 347 3806 vel
376 3726 521 3829 fuerint
550 3730 591 3808 in
623 3726 712 3808 ursle
754 3732 859 3828 regio
890 3725 1122 3828 responsales,

80 3841 109 3942 fi
128 3841 314 3921 mediocris
331 3838 376 3939 eil
393 3839 549 3942 quadie,
578 3839 805 3944 cognofiont,
819 3833 882 3923 ves
896 3841 966 3921 iac
976 3843 1024 3920 ad
1038 3854 1124 3940 apo·

908 3985 1066 4086 solitum
1224 4056 1230 4069 .
