<?xml version="1.0" encoding="UTF-8"?>
<!DOCTYPE html PUBLIC "-//W3C//DTD XHTML 1.0 Transitional//EN"
    "http://www.w3.org/TR/xhtml1/DTD/xhtml1-transitional.dtd">
<html xmlns="http://www.w3.org/1999/xhtml" xml:lang="en" lang="en">
 <head>
  <title>
</title>
<meta http-equiv="Content-Type" content="text/html;charset=utf-8" />
  <meta name='ocr-system' content='tesseract 3.04.00' />
  <meta name='ocr-capabilities' content='ocr_page ocr_carea ocr_par ocr_line ocrx_word'/>
</head>
<body>
  <div class='ocr_page' id='page_1' title='image "./ecclesiamilitan01gerbgoog_0628.png"; bbox 0 0 2506 4958; ppageno 0'>
   <div class='ocr_carea' id='block_1_1' title="bbox 138 205 1206 342">
    <p class='ocr_par' dir='ltr' id='par_1_1' title="bbox 138 205 1206 342">
     <span class='ocr_line' id='line_1_1' title="bbox 138 205 1206 342; baseline 0.042 -54"><span class='ocrx_word' id='word_1_1' title='bbox 138 269 149 288; x_wconf 84' lang='grc'><strong><em>,</em></strong></span> <span class='ocrx_word' id='word_1_2' title='bbox 233 254 383 338; x_wconf 58' lang='lat' dir='ltr'><strong>„gam</strong></span> <span class='ocrx_word' id='word_1_3' title='bbox 402 229 530 329; x_wconf 74' lang='lat' dir='ltr'><strong>carna</strong></span> <span class='ocrx_word' id='word_1_4' title='bbox 545 233 585 312; x_wconf 71' lang='lat' dir='ltr'><strong>aa</strong></span> <span class='ocrx_word' id='word_1_5' title='bbox 601 232 720 314; x_wconf 77' lang='lat' dir='ltr'><strong>ema.</strong></span> <span class='ocrx_word' id='word_1_6' title='bbox 741 256 770 314; x_wconf 67' lang='lat' dir='ltr'><strong>e.</strong></span> <span class='ocrx_word' id='word_1_7' title='bbox 789 230 928 316; x_wconf 69' lang='lat' dir='ltr'><strong>xire</strong></span> <span class='ocrx_word' id='word_1_8' title='bbox 1026 205 1124 342; x_wconf 55' lang='grc' dir='ltr'><strong>ιμ’</strong></span> <span class='ocrx_word' id='word_1_9' title='bbox 1204 317 1206 321; x_wconf 69' lang='grc'>,</span> 
     </span>
    </p>
   </div>
   <div class='ocr_carea' id='block_1_2' title="bbox 166 394 1243 498">
    <p class='ocr_par' dir='ltr' id='par_1_2' title="bbox 166 394 1243 498">
     <span class='ocr_line' id='line_1_2' title="bbox 166 394 1243 498; baseline 0.009 -19"><span class='ocrx_word' id='word_1_10' title='bbox 166 398 282 488; x_wconf 85' lang='lat' dir='ltr'>Sunt,</span> <span class='ocrx_word' id='word_1_11' title='bbox 312 402 375 498; x_wconf 89' lang='lat' dir='ltr'><strong>qui</strong></span> <span class='ocrx_word' id='word_1_12' title='bbox 409 397 619 478; x_wconf 87' lang='lat' dir='ltr'><strong>diuturnum</strong></span> <span class='ocrx_word' id='word_1_13' title='bbox 648 398 755 495; x_wconf 81' lang='lat' dir='ltr'><strong>etiam</strong></span> <span class='ocrx_word' id='word_1_14' title='bbox 792 421 833 477; x_wconf 90' lang='lat' dir='ltr'><strong>ac</strong></span> <span class='ocrx_word' id='word_1_15' title='bbox 856 394 1045 482; x_wconf 86' lang='lat' dir='ltr'><strong>florentem</strong></span> <span class='ocrx_word' id='word_1_16' title='bbox 1071 407 1112 487; x_wconf 88' lang='lat' dir='ltr'><strong>in</strong></span> <span class='ocrx_word' id='word_1_17' title='bbox 1240 482 1243 487; x_wconf 93' lang='lat'>.</span> 
     </span>
    </p>
   </div>
   <div class='ocr_carea' id='block_1_3' title="bbox 88 506 1112 838">
    <p class='ocr_par' dir='ltr' id='par_1_3' title="bbox 88 506 1112 838">
     <span class='ocr_line' id='line_1_3' title="bbox 88 506 1110 615; baseline -0.008 -23"><span class='ocrx_word' id='word_1_18' title='bbox 88 535 176 592; x_wconf 88' lang='lat' dir='ltr'><strong>erra</strong></span> <span class='ocrx_word' id='word_1_19' title='bbox 201 508 390 612; x_wconf 84' lang='lat' dir='ltr'><strong>promissa.</strong></span> <span class='ocrx_word' id='word_1_20' title='bbox 420 509 580 611; x_wconf 84' lang='lat' dir='ltr'>urbeque</span> <span class='ocrx_word' id='word_1_21' title='bbox 596 524 632 587; x_wconf 92' lang='lat' dir='ltr'><strong>et</strong></span> <span class='ocrx_word' id='word_1_22' title='bbox 649 509 789 608; x_wconf 85' lang='lat' dir='ltr'><strong>templo</strong></span> <span class='ocrx_word' id='word_1_23' title='bbox 813 506 1110 615; x_wconf 81' lang='lat' dir='ltr'><strong>Hierosolymita.</strong></span> 
     </span>
     <span class='ocr_line' id='line_1_4' title="bbox 88 619 1112 708; baseline 0.003 -5"><span class='ocrx_word' id='word_1_24' title='bbox 88 647 133 703; x_wconf 87' lang='lat' dir='ltr'><strong>to</strong></span> <span class='ocrx_word' id='word_1_25' title='bbox 160 627 286 702; x_wconf 89' lang='lat' dir='ltr'><strong>statum</strong></span> <span class='ocrx_word' id='word_1_26' title='bbox 307 619 511 700; x_wconf 85' lang='lat' dir='ltr'><strong>ludaeorum</strong></span> <span class='ocrx_word' id='word_1_27' title='bbox 530 622 693 700; x_wconf 83' lang='lat' dir='ltr'><strong>futurum</strong></span> <span class='ocrx_word' id='word_1_28' title='bbox 713 621 923 701; x_wconf 78' lang='lat' dir='ltr'><strong>existimant.</strong></span> <span class='ocrx_word' id='word_1_29' title='bbox 981 622 1035 704; x_wconf 86' lang='lat' dir='ltr'><strong>Ex</strong></span> <span class='ocrx_word' id='word_1_30' title='bbox 1054 626 1112 708; x_wconf 86' lang='lat' dir='ltr'><strong>hie</strong></span> 
     </span>
     <span class='ocr_line' id='line_1_5' title="bbox 88 731 1111 838; baseline 0 -23"><span class='ocrx_word' id='word_1_31' title='bbox 88 736 163 816; x_wconf 83' lang='lat' dir='ltr'><strong>bb.</strong></span> <span class='ocrx_word' id='word_1_32' title='bbox 185 732 339 832; x_wconf 82' lang='lat' dir='ltr'><strong>Duguet</strong></span> <span class='ocrx_word' id='word_1_33' title='bbox 363 735 400 809; x_wconf 94' lang='lat' dir='ltr'><strong>in</strong></span> <span class='ocrx_word' id='word_1_34' title='bbox 423 731 554 830; x_wconf 87' lang='lat' dir='ltr'><strong>regulis</strong></span> <span class='ocrx_word' id='word_1_35' title='bbox 579 731 624 808; x_wconf 91' lang='lat' dir='ltr'><strong>ad</strong></span> <span class='ocrx_word' id='word_1_36' title='bbox 643 731 916 830; x_wconf 81' lang='lat' dir='ltr'><strong>intelligentiam</strong></span> <span class='ocrx_word' id='word_1_37' title='bbox 937 733 971 811; x_wconf 89' lang='lat' dir='ltr'><strong>S.</strong></span> <span class='ocrx_word' id='word_1_38' title='bbox 990 737 1111 838; x_wconf 82' lang='lat' dir='ltr'><strong>Scrip-</strong></span> 
     </span>
    </p>
   </div>
   <div class='ocr_carea' id='block_1_4' title="bbox 88 841 1234 947">
    <p class='ocr_par' dir='ltr' id='par_1_4' title="bbox 88 841 1234 947">
     <span class='ocr_line' id='line_1_6' title="bbox 88 841 1234 947; baseline 0.003 -19"><span class='ocrx_word' id='word_1_39' title='bbox 88 870 174 928; x_wconf 82' lang='lat' dir='ltr'><strong>urae</strong></span> <span class='ocrx_word' id='word_1_40' title='bbox 191 844 318 943; x_wconf 84' lang='lat' dir='ltr'><strong>gallice</strong></span> <span class='ocrx_word' id='word_1_41' title='bbox 333 843 436 922; x_wconf 85' lang='lat' dir='ltr'><strong>editis</strong></span> <span class='ocrx_word' id='word_1_42' title='bbox 466 842 724 944; x_wconf 87' lang='lat' dir='ltr'><strong>prophetarum</strong></span> <span class='ocrx_word' id='word_1_43' title='bbox 751 841 853 922; x_wconf 85' lang='lat' dir='ltr'><strong>effata</strong></span> <span class='ocrx_word' id='word_1_44' title='bbox 872 845 1037 947; x_wconf 82' lang='lat' dir='ltr'><strong>colligit,</strong></span> <span class='ocrx_word' id='word_1_45' title='bbox 1068 865 1112 931; x_wconf 90' lang='lat' dir='ltr'><strong>ut</strong></span> <span class='ocrx_word' id='word_1_46' title='bbox 1232 842 1234 847; x_wconf 65' lang='grc'><strong>’</strong></span> 
     </span>
    </p>
   </div>
   <div class='ocr_carea' id='block_1_5' title="bbox 88 950 1224 3508">
    <p class='ocr_par' dir='ltr' id='par_1_5' title="bbox 88 950 1224 3508">
     <span class='ocr_line' id='line_1_7' title="bbox 88 950 1112 1056; baseline -0.004 -21"><span class='ocrx_word' id='word_1_47' title='bbox 88 957 268 1055; x_wconf 74' lang='lat' dir='ltr'><strong>ostendat,</strong></span> <span class='ocrx_word' id='word_1_48' title='bbox 300 955 379 1056; x_wconf 89' lang='lat' dir='ltr'><strong>post</strong></span> <span class='ocrx_word' id='word_1_49' title='bbox 402 957 629 1032; x_wconf 85' lang='lat' dir='ltr'><strong>vocationem</strong></span> <span class='ocrx_word' id='word_1_50' title='bbox 658 954 804 1055; x_wconf 89' lang='lat' dir='ltr'><strong>quidem</strong></span> <span class='ocrx_word' id='word_1_51' title='bbox 832 950 997 1054; x_wconf 87' lang='lat' dir='ltr'><strong>gentium</strong></span> <span class='ocrx_word' id='word_1_52' title='bbox 1021 983 1112 1039; x_wconf 87' lang='lat' dir='ltr'><strong>con.</strong></span> 
     </span>
     <span class='ocr_line' id='line_1_8' title="bbox 88 1065 1111 1167; baseline -0.007 -19"><span class='ocrx_word' id='word_1_53' title='bbox 88 1066 356 1167; x_wconf 67' lang='lat' dir='ltr'><strong>verioremque</strong></span> <span class='ocrx_word' id='word_1_54' title='bbox 380 1066 498 1154; x_wconf 84' lang='lat' dir='ltr'><strong>orbis.</strong></span> <span class='ocrx_word' id='word_1_55' title='bbox 526 1079 562 1143; x_wconf 88' lang='lat' dir='ltr'><strong>at</strong></span> <span class='ocrx_word' id='word_1_56' title='bbox 582 1087 657 1142; x_wconf 89' lang='lat' dir='ltr'><strong>noo</strong></span> <span class='ocrx_word' id='word_1_57' title='bbox 679 1065 824 1143; x_wconf 85' lang='lat' dir='ltr'><strong>demum</strong></span> <span class='ocrx_word' id='word_1_58' title='bbox 848 1068 885 1142; x_wconf 92' lang='lat' dir='ltr'><strong>in</strong></span> <span class='ocrx_word' id='word_1_59' title='bbox 908 1067 979 1146; x_wconf 88' lang='lat' dir='ltr'><strong>siue</strong></span> <span class='ocrx_word' id='word_1_60' title='bbox 1003 1093 1111 1162; x_wconf 84' lang='lat' dir='ltr'><strong>mun.</strong></span> 
     </span>
     <span class='ocr_line' id='line_1_9' title="bbox 88 1175 1112 1269; baseline 0.002 -9"><span class='ocrx_word' id='word_1_61' title='bbox 88 1181 147 1269; x_wconf 87' lang='lat' dir='ltr'><strong>li.</strong></span> <span class='ocrx_word' id='word_1_62' title='bbox 176 1180 332 1257; x_wconf 84' lang='lat' dir='ltr'><strong>suturam</strong></span> <span class='ocrx_word' id='word_1_63' title='bbox 360 1175 453 1254; x_wconf 86' lang='lat' dir='ltr'><strong>hanc</strong></span> <span class='ocrx_word' id='word_1_64' title='bbox 477 1175 682 1254; x_wconf 81' lang='lat' dir='ltr'><strong>ludaeorum</strong></span> <span class='ocrx_word' id='word_1_65' title='bbox 704 1175 1003 1258; x_wconf 85' lang='lat' dir='ltr'><strong>conversionem:</strong></span> <span class='ocrx_word' id='word_1_66' title='bbox 1046 1205 1112 1262; x_wconf 86' lang='lat' dir='ltr'><strong>vo·</strong></span> 
     </span>
     <span class='ocr_line' id='line_1_10' title="bbox 88 1285 1114 1393; baseline -0.002 -25"><span class='ocrx_word' id='word_1_67' title='bbox 88 1289 238 1377; x_wconf 84' lang='lat' dir='ltr'><strong>:andam</strong></span> <span class='ocrx_word' id='word_1_68' title='bbox 257 1302 392 1375; x_wconf 84' lang='lat' dir='ltr'><strong>totam.</strong></span> <span class='ocrx_word' id='word_1_69' title='bbox 421 1289 616 1367; x_wconf 77' lang='lat' dir='ltr'><strong>constituta</strong></span> <span class='ocrx_word' id='word_1_70' title='bbox 630 1285 889 1391; x_wconf 74' lang='lat' dir='ltr'><strong>Hierosolymis</strong></span> <span class='ocrx_word' id='word_1_71' title='bbox 904 1289 1003 1380; x_wconf 85' lang='lat' dir='ltr'><strong>sede,</strong></span> <span class='ocrx_word' id='word_1_72' title='bbox 1022 1312 1114 1393; x_wconf 90' lang='lat' dir='ltr'><strong>gen.</strong></span> 
     </span>
     <span class='ocr_line' id='line_1_11' title="bbox 90 1398 1113 1507; baseline 0.009 -29"><span class='ocrx_word' id='word_1_73' title='bbox 90 1425 162 1482; x_wconf 83' lang='lat' dir='ltr'><strong>em</strong></span> <span class='ocrx_word' id='word_1_74' title='bbox 189 1398 410 1479; x_wconf 84' lang='lat' dir='ltr'><strong>israeliticam</strong></span> <span class='ocrx_word' id='word_1_75' title='bbox 438 1422 484 1476; x_wconf 85' lang='lat' dir='ltr'><strong>ex</strong></span> <span class='ocrx_word' id='word_1_76' title='bbox 503 1398 662 1478; x_wconf 87' lang='lat' dir='ltr'><strong>universa</strong></span> <span class='ocrx_word' id='word_1_77' title='bbox 682 1413 800 1488; x_wconf 88' lang='lat' dir='ltr'><strong>terra,</strong></span> <span class='ocrx_word' id='word_1_78' title='bbox 829 1403 877 1479; x_wconf 87' lang='lat' dir='ltr'><strong>ita</strong></span> <span class='ocrx_word' id='word_1_79' title='bbox 897 1405 1113 1507; x_wconf 72' lang='lat' dir='ltr'><strong>ut‘teliqtaie</strong></span> 
     </span>
     <span class='ocr_line' id='line_1_12' title="bbox 96 1509 1111 1610; baseline 0.002 -18"><span class='ocrx_word' id='word_1_80' title='bbox 96 1512 188 1592; x_wconf 88' lang='lat' dir='ltr'><strong>srael</strong></span> <span class='ocrx_word' id='word_1_81' title='bbox 213 1510 368 1600; x_wconf 71' lang='lat' dir='ltr'><strong>santia.</strong></span> <span class='ocrx_word' id='word_1_82' title='bbox 412 1509 614 1590; x_wconf 86' lang='lat' dir='ltr'><strong>idololatria</strong></span> <span class='ocrx_word' id='word_1_83' title='bbox 654 1527 691 1591; x_wconf 90' lang='lat' dir='ltr'><strong>et</strong></span> <span class='ocrx_word' id='word_1_84' title='bbox 716 1509 905 1591; x_wconf 83' lang='lat' dir='ltr'><strong>haerefibus</strong></span> <span class='ocrx_word' id='word_1_85' title='bbox 940 1512 1111 1610; x_wconf 81' lang='lat' dir='ltr'><strong>sublatis,</strong></span> 
     </span>
     <span class='ocr_line' id='line_1_13' title="bbox 88 1617 1112 1721; baseline 0.001 -17"><span class='ocrx_word' id='word_1_86' title='bbox 88 1625 129 1704; x_wconf 85' lang='lat' dir='ltr'><strong>td</strong></span> <span class='ocrx_word' id='word_1_87' title='bbox 164 1622 368 1702; x_wconf 90' lang='lat' dir='ltr'><strong>Dominum</strong></span> <span class='ocrx_word' id='word_1_88' title='bbox 400 1617 523 1701; x_wconf 91' lang='lat' dir='ltr'><strong>Deum</strong></span> <span class='ocrx_word' id='word_1_89' title='bbox 559 1621 662 1700; x_wconf 91' lang='lat' dir='ltr'><strong>suum</strong></span> <span class='ocrx_word' id='word_1_90' title='bbox 706 1636 920 1701; x_wconf 84' lang='lat' dir='ltr'><strong>convertant</strong></span> <span class='ocrx_word' id='word_1_91' title='bbox 955 1628 1112 1721; x_wconf 82' lang='lat' dir='ltr'><strong>orbem.</strong></span> 
     </span>
     <span class='ocr_line' id='line_1_14' title="bbox 88 1730 1113 1829; baseline 0.007 -19"><span class='ocrx_word' id='word_1_92' title='bbox 88 1734 269 1815; x_wconf 70' lang='lat' dir='ltr'><strong>redditum</strong></span> <span class='ocrx_word' id='word_1_93' title='bbox 283 1757 365 1811; x_wconf 85' lang='lat' dir='ltr'><strong>vere</strong></span> <span class='ocrx_word' id='word_1_94' title='bbox 378 1731 616 1809; x_wconf 87' lang='lat' dir='ltr'><strong>christianum.</strong></span> <span class='ocrx_word' id='word_1_95' title='bbox 674 1730 1113 1829; x_wconf 83' lang='lat' dir='ltr'><strong>SieexProtestaotibue.</strong></span> 
     </span>
     <span class='ocr_line' id='line_1_15' title="bbox 88 1839 1116 1954; baseline 0.001 -26"><span class='ocrx_word' id='word_1_96' title='bbox 88 1849 152 1954; x_wconf 66' lang='lat' dir='ltr'><strong>lui</strong></span> <span class='ocrx_word' id='word_1_97' title='bbox 190 1839 422 1923; x_wconf 84' lang='lat' dir='ltr'><strong>theocratiam</strong></span> <span class='ocrx_word' id='word_1_98' title='bbox 450 1840 499 1920; x_wconf 87' lang='lat' dir='ltr'><strong>N.</strong></span> <span class='ocrx_word' id='word_1_99' title='bbox 527 1840 574 1919; x_wconf 89' lang='lat' dir='ltr'><strong>T.</strong></span> <span class='ocrx_word' id='word_1_100' title='bbox 609 1843 645 1917; x_wconf 94' lang='lat' dir='ltr'><strong>in</strong></span> <span class='ocrx_word' id='word_1_101' title='bbox 672 1840 864 1920; x_wconf 90' lang='lat' dir='ltr'><strong>hierarchia</strong></span> <span class='ocrx_word' id='word_1_102' title='bbox 891 1845 1116 1929; x_wconf 82' lang='lat' dir='ltr'><strong>ecclesiastica</strong></span> 
     </span>
     <span class='ocr_line' id='line_1_16' title="bbox 88 1950 1115 2062; baseline 0.002 -27"><span class='ocrx_word' id='word_1_103' title='bbox 88 1955 282 2062; x_wconf 82' lang='lat' dir='ltr'><strong>ignoscere</strong></span> <span class='ocrx_word' id='word_1_104' title='bbox 307 1953 457 2040; x_wconf 86' lang='lat' dir='ltr'><strong>nolunt.</strong></span> <span class='ocrx_word' id='word_1_105' title='bbox 495 1951 729 2054; x_wconf 86' lang='lat' dir='ltr'><strong>nuperime-l.</strong></span> <span class='ocrx_word' id='word_1_106' title='bbox 753 1950 778 2030; x_wconf 89' lang='lat' dir='ltr'><strong>l.</strong></span> <span class='ocrx_word' id='word_1_107' title='bbox 800 1950 888 2032; x_wconf 84' lang='lat' dir='ltr'><strong>Hesa</strong></span> <span class='ocrx_word' id='word_1_108' title='bbox 920 1957 1115 2054; x_wconf 75' lang='lat' dir='ltr'><strong>restauran-</strong></span> 
     </span>
     <span class='ocr_line' id='line_1_17' title="bbox 88 2062 1116 2169; baseline -0.015 -19"><span class='ocrx_word' id='word_1_109' title='bbox 88 2072 174 2150; x_wconf 72' lang='lat' dir='ltr'><strong>dam</strong></span> <span class='ocrx_word' id='word_1_110' title='bbox 195 2065 387 2167; x_wconf 88' lang='lat' dir='ltr'><strong>aliquando</strong></span> <span class='ocrx_word' id='word_1_111' title='bbox 406 2063 637 2141; x_wconf 87' lang='lat' dir='ltr'><strong>theocratiam</strong></span> <span class='ocrx_word' id='word_1_112' title='bbox 661 2065 697 2140; x_wconf 93' lang='lat' dir='ltr'><strong>in</strong></span> <span class='ocrx_word' id='word_1_113' title='bbox 718 2062 824 2166; x_wconf 85' lang='lat' dir='ltr'><strong>stirpe</strong></span> <span class='ocrx_word' id='word_1_114' title='bbox 847 2063 989 2156; x_wconf 84' lang='lat' dir='ltr'><strong>David.</strong></span> <span class='ocrx_word' id='word_1_115' title='bbox 1024 2092 1116 2169; x_wconf 87' lang='lat' dir='ltr'><strong>gen.</strong></span> 
     </span>
     <span class='ocr_line' id='line_1_18' title="bbox 88 2173 1116 2267; baseline -0.002 -5"><span class='ocrx_word' id='word_1_116' title='bbox 88 2205 124 2262; x_wconf 89' lang='lat' dir='ltr'><strong>:e</strong></span> <span class='ocrx_word' id='word_1_117' title='bbox 149 2176 289 2257; x_wconf 76' lang='lat' dir='ltr'><strong>ludrica</strong></span> <span class='ocrx_word' id='word_1_118' title='bbox 314 2175 358 2252; x_wconf 90' lang='lat' dir='ltr'><strong>ad</strong></span> <span class='ocrx_word' id='word_1_119' title='bbox 394 2173 574 2256; x_wconf 83' lang='lat' dir='ltr'><strong>Christum</strong></span> <span class='ocrx_word' id='word_1_120' title='bbox 603 2175 881 2267; x_wconf 84' lang='lat' dir='ltr'><strong>convertenda,</strong></span> <span class='ocrx_word' id='word_1_121' title='bbox 937 2177 1049 2258; x_wconf 83' lang='lat' dir='ltr'><strong>sciscit</strong></span> <span class='ocrx_word' id='word_1_122' title='bbox 1075 2183 1116 2261; x_wconf 87' lang='lat' dir='ltr'><strong>in</strong></span> 
     </span>
     <span class='ocr_line' id='line_1_19' title="bbox 88 2277 1117 2394; baseline -0.002 -21"><span class='ocrx_word' id='word_1_123' title='bbox 88 2313 203 2394; x_wconf 81' lang='lat' dir='ltr'><strong>opere</strong></span> <span class='ocrx_word' id='word_1_124' title='bbox 226 2288 266 2366; x_wconf 89' lang='lat' dir='ltr'><strong>da</strong></span> <span class='ocrx_word' id='word_1_125' title='bbox 291 2308 399 2384; x_wconf 82' lang='lat' dir='ltr'><strong>ragno</strong></span> <span class='ocrx_word' id='word_1_126' title='bbox 429 2284 509 2366; x_wconf 87' lang='lat' dir='ltr'><strong>Dei.</strong></span> <span class='ocrx_word' id='word_1_127' title='bbox 572 2277 628 2364; x_wconf 84' lang='lat' dir='ltr'><strong>Ex</strong></span> <span class='ocrx_word' id='word_1_128' title='bbox 653 2287 866 2368; x_wconf 72' lang='lat' dir='ltr'><strong>nostratibus</strong></span> <span class='ocrx_word' id='word_1_129' title='bbox 896 2311 983 2390; x_wconf 78' lang='lat' dir='ltr'><strong>uero</strong></span> <span class='ocrx_word' id='word_1_130' title='bbox 1009 2290 1117 2383; x_wconf 85' lang='lat' dir='ltr'><strong>sunt.</strong></span> 
     </span>
     <span class='ocr_line' id='line_1_20' title="bbox 88 2396 1118 2510; baseline 0.002 -29"><span class='ocrx_word' id='word_1_131' title='bbox 88 2405 155 2510; x_wconf 64' lang='lat' dir='ltr'><strong>qui</strong></span> <span class='ocrx_word' id='word_1_132' title='bbox 178 2403 394 2478; x_wconf 92' lang='lat' dir='ltr'><strong>eminentem</strong></span> <span class='ocrx_word' id='word_1_133' title='bbox 424 2400 460 2476; x_wconf 89' lang='lat' dir='ltr'><strong>in</strong></span> <span class='ocrx_word' id='word_1_134' title='bbox 487 2397 680 2476; x_wconf 88' lang='lat' dir='ltr'><strong>hierarchia</strong></span> <span class='ocrx_word' id='word_1_135' title='bbox 710 2396 961 2490; x_wconf 81' lang='lat' dir='ltr'><strong>ecclefiastica,</strong></span> <span class='ocrx_word' id='word_1_136' title='bbox 991 2402 1036 2482; x_wconf 86' lang='lat' dir='ltr'><strong>ad</strong></span> <span class='ocrx_word' id='word_1_137' title='bbox 1057 2402 1118 2484; x_wconf 90' lang='lat' dir='ltr'><strong>lu-</strong></span> 
     </span>
     <span class='ocr_line' id='line_1_21' title="bbox 88 2506 1118 2596; baseline -0.013 0"><span class='ocrx_word' id='word_1_138' title='bbox 88 2516 189 2596; x_wconf 72' lang='lat' dir='ltr'><strong>daeos</strong></span> <span class='ocrx_word' id='word_1_139' title='bbox 211 2536 296 2590; x_wconf 83' lang='lat' dir='ltr'><strong>cunr</strong></span> <span class='ocrx_word' id='word_1_140' title='bbox 324 2533 405 2589; x_wconf 87' lang='lat' dir='ltr'><strong>vera</strong></span> <span class='ocrx_word' id='word_1_141' title='bbox 438 2507 566 2589; x_wconf 85' lang='lat' dir='ltr'><strong>Christi</strong></span> <span class='ocrx_word' id='word_1_142' title='bbox 590 2506 739 2588; x_wconf 85' lang='lat' dir='ltr'><strong>Ecclesia</strong></span> <span class='ocrx_word' id='word_1_143' title='bbox 760 2511 924 2589; x_wconf 83' lang='lat' dir='ltr'><strong>translata</strong></span> <span class='ocrx_word' id='word_1_144' title='bbox 946 2527 1030 2591; x_wconf 87' lang='lat' dir='ltr'><strong>ante</strong></span> <span class='ocrx_word' id='word_1_145' title='bbox 1054 2514 1118 2594; x_wconf 87' lang='lat' dir='ltr'><strong>ad.</strong></span> 
     </span>
     <span class='ocr_line' id='line_1_22' title="bbox 88 2619 1224 2723; baseline -0.002 -18"><span class='ocrx_word' id='word_1_146' title='bbox 88 2639 242 2705; x_wconf 79' lang='lat' dir='ltr'><strong>uentum</strong></span> <span class='ocrx_word' id='word_1_147' title='bbox 268 2619 373 2723; x_wconf 84' lang='lat' dir='ltr'><strong>ipsius</strong></span> <span class='ocrx_word' id='word_1_148' title='bbox 397 2621 619 2708; x_wconf 86' lang='lat' dir='ltr'><strong>secundum,</strong></span> <span class='ocrx_word' id='word_1_149' title='bbox 675 2621 886 2700; x_wconf 85' lang='lat' dir='ltr'><strong>ominantur</strong></span> <span class='ocrx_word' id='word_1_150' title='bbox 916 2623 1044 2703; x_wconf 86' lang='lat' dir='ltr'><strong>statum</strong></span> <span class='ocrx_word' id='word_1_151' title='bbox 1069 2649 1119 2703; x_wconf 89' lang='lat' dir='ltr'><strong>eo</strong></span> <span class='ocrx_word' id='word_1_152' title='bbox 1222 2623 1224 2626; x_wconf 71' lang='grc'>’</span> 
     </span>
     <span class='ocr_line' id='line_1_23' title="bbox 88 2727 1120 2833; baseline -0.001 -17"><span class='ocrx_word' id='word_1_153' title='bbox 88 2735 232 2821; x_wconf 86' lang='lat' dir='ltr'><strong>modo.</strong></span> <span class='ocrx_word' id='word_1_154' title='bbox 262 2754 337 2833; x_wconf 92' lang='lat' dir='ltr'><strong>quo</strong></span> <span class='ocrx_word' id='word_1_155' title='bbox 361 2729 521 2809; x_wconf 83' lang='lat' dir='ltr'><strong>aludaeis</strong></span> <span class='ocrx_word' id='word_1_156' title='bbox 542 2733 578 2806; x_wconf 91' lang='lat' dir='ltr'><strong>in</strong></span> <span class='ocrx_word' id='word_1_157' title='bbox 605 2731 725 2829; x_wconf 88' lang='lat' dir='ltr'><strong>primo</strong></span> <span class='ocrx_word' id='word_1_158' title='bbox 741 2730 896 2810; x_wconf 87' lang='lat' dir='ltr'><strong>adventu</strong></span> <span class='ocrx_word' id='word_1_159' title='bbox 921 2727 1054 2813; x_wconf 79' lang='lat' dir='ltr'><strong>Christi</strong></span> <span class='ocrx_word' id='word_1_160' title='bbox 1071 2733 1120 2815; x_wconf 88' lang='lat' dir='ltr'><strong>ad</strong></span> 
     </span>
     <span class='ocr_line' id='line_1_24' title="bbox 88 2839 1119 2951; baseline 0.001 -26"><span class='ocrx_word' id='word_1_161' title='bbox 88 2844 246 2951; x_wconf 76' lang='lat' dir='ltr'><strong>gentiles</strong></span> <span class='ocrx_word' id='word_1_162' title='bbox 274 2839 431 2919; x_wconf 83' lang='lat' dir='ltr'><strong>transiit:</strong></span> <span class='ocrx_word' id='word_1_163' title='bbox 464 2841 566 2919; x_wconf 84' lang='lat' dir='ltr'><strong>cuiue</strong></span> <span class='ocrx_word' id='word_1_164' title='bbox 594 2842 779 2941; x_wconf 72' lang='lat' dir='ltr'><strong>opinionis</strong></span> <span class='ocrx_word' id='word_1_165' title='bbox 808 2843 914 2921; x_wconf 81' lang='lat' dir='ltr'><strong>instet</strong></span> <span class='ocrx_word' id='word_1_166' title='bbox 933 2844 1119 2947; x_wconf 89' lang='lat' dir='ltr'><strong>quoddam</strong></span> 
     </span>
     <span class='ocr_line' id='line_1_25' title="bbox 88 2940 1118 3053; baseline 0.003 -19"><span class='ocrx_word' id='word_1_167' title='bbox 88 2959 228 3039; x_wconf 88' lang='lat' dir='ltr'><strong>habent</strong></span> <span class='ocrx_word' id='word_1_168' title='bbox 252 2956 287 3030; x_wconf 93' lang='lat' dir='ltr'><strong>in</strong></span> <span class='ocrx_word' id='word_1_169' title='bbox 306 2949 625 3053; x_wconf 84' lang='lat' dir='ltr'><strong>antiquissimorum</strong></span> <span class='ocrx_word' id='word_1_170' title='bbox 648 2951 708 3032; x_wconf 83' lang='lat' dir='ltr'><strong>SS.</strong></span> <span class='ocrx_word' id='word_1_171' title='bbox 729 2950 873 3034; x_wconf 88' lang='lat' dir='ltr'><strong>Patrum</strong></span> <span class='ocrx_word' id='word_1_172' title='bbox 896 2940 1118 3048; x_wconf 77' lang='lat' dir='ltr'><strong>Chiliesmo,</strong></span> 
     </span>
     <span class='ocr_line' id='line_1_26' title="bbox 88 3062 1123 3150; baseline 0.001 -2"><span class='ocrx_word' id='word_1_173' title='bbox 88 3066 192 3150; x_wconf 89' lang='lat' dir='ltr'><strong>mille</strong></span> <span class='ocrx_word' id='word_1_174' title='bbox 214 3087 329 3143; x_wconf 83' lang='lat' dir='ltr'><strong>annos</strong></span> <span class='ocrx_word' id='word_1_175' title='bbox 360 3062 669 3144; x_wconf 82' lang='lat' dir='ltr'><strong>intersecantium</strong></span> <span class='ocrx_word' id='word_1_176' title='bbox 702 3063 834 3145; x_wconf 85' lang='lat' dir='ltr'><strong>Christi</strong></span> <span class='ocrx_word' id='word_1_177' title='bbox 860 3065 1054 3147; x_wconf 81' lang='lat' dir='ltr'><strong>adventum</strong></span> <span class='ocrx_word' id='word_1_178' title='bbox 1083 3081 1123 3148; x_wconf 91' lang='lat' dir='ltr'><strong>et</strong></span> 
     </span>
     <span class='ocr_line' id='line_1_27' title="bbox 88 3176 1124 3276; baseline -0.002 -14"><span class='ocrx_word' id='word_1_179' title='bbox 88 3195 299 3262; x_wconf 84' lang='lat' dir='ltr'><strong>extremum</strong></span> <span class='ocrx_word' id='word_1_180' title='bbox 326 3176 498 3254; x_wconf 89' lang='lat' dir='ltr'><strong>iudicium</strong></span> <span class='ocrx_word' id='word_1_181' title='bbox 536 3176 829 3276; x_wconf 85' lang='lat' dir='ltr'><strong>interponendo:</strong></span> <span class='ocrx_word' id='word_1_182' title='bbox 869 3177 979 3258; x_wconf 86' lang='lat' dir='ltr'><strong>veluti</strong></span> <span class='ocrx_word' id='word_1_183' title='bbox 1005 3178 1124 3260; x_wconf 75' lang='lat' dir='ltr'><strong>stu·</strong></span> 
     </span>
     <span class='ocr_line' id='line_1_28' title="bbox 88 3285 1123 3394; baseline 0 -24"><span class='ocrx_word' id='word_1_184' title='bbox 88 3295 207 3370; x_wconf 83' lang='lat' dir='ltr'><strong>stinus</strong></span> <span class='ocrx_word' id='word_1_185' title='bbox 236 3285 288 3364; x_wconf 86' lang='lat' dir='ltr'><strong>M.</strong></span> <span class='ocrx_word' id='word_1_186' title='bbox 312 3288 474 3366; x_wconf 88' lang='lat' dir='ltr'><strong>sutorum</strong></span> <span class='ocrx_word' id='word_1_187' title='bbox 488 3287 667 3392; x_wconf 83' lang='lat' dir='ltr'><strong>existimat</strong></span> <span class='ocrx_word' id='word_1_188' title='bbox 688 3289 724 3364; x_wconf 92' lang='lat' dir='ltr'><strong>in</strong></span> <span class='ocrx_word' id='word_1_189' title='bbox 740 3285 820 3366; x_wconf 85' lang='lat' dir='ltr'><strong>dial.</strong></span> <span class='ocrx_word' id='word_1_190' title='bbox 840 3309 924 3368; x_wconf 92' lang='lat' dir='ltr'><strong>cum</strong></span> <span class='ocrx_word' id='word_1_191' title='bbox 947 3287 1123 3394; x_wconf 85' lang='lat' dir='ltr'><strong>Trypho-</strong></span> 
     </span>
     <span class='ocr_line' id='line_1_29' title="bbox 88 3396 1123 3508; baseline 0.001 -28"><span class='ocrx_word' id='word_1_192' title='bbox 88 3426 145 3480; x_wconf 88' lang='lat' dir='ltr'><strong>ne</strong></span> <span class='ocrx_word' id='word_1_193' title='bbox 170 3398 307 3486; x_wconf 80' lang='lat' dir='ltr'><strong>ludeo,</strong></span> <span class='ocrx_word' id='word_1_194' title='bbox 354 3396 534 3500; x_wconf 89' lang='lat' dir='ltr'><strong>duplicem</strong></span> <span class='ocrx_word' id='word_1_195' title='bbox 561 3397 759 3478; x_wconf 75' lang='lat' dir='ltr'><strong>adveutum·</strong></span> <span class='ocrx_word' id='word_1_196' title='bbox 784 3397 979 3508; x_wconf 79' lang='lat' dir='ltr'><strong>Chriliio)</strong></span> <span class='ocrx_word' id='word_1_197' title='bbox 1000 3403 1123 3482; x_wconf 83' lang='lat' dir='ltr'><strong>dillin-</strong></span> 
     </span>
    </p>
   </div>
   <div class='ocr_carea' id='block_1_6' title="bbox 88 3507 1245 3616">
    <p class='ocr_par' dir='ltr' id='par_1_6' title="bbox 88 3507 1245 3616">
     <span class='ocr_line' id='line_1_30' title="bbox 88 3507 1245 3616; baseline 0.006 -27"><span class='ocrx_word' id='word_1_198' title='bbox 88 3532 232 3616; x_wconf 76' lang='lat' dir='ltr'><strong>gueni,</strong></span> <span class='ocrx_word' id='word_1_199' title='bbox 262 3563 284 3602; x_wconf 87' lang='lat'>„</span> <span class='ocrx_word' id='word_1_200' title='bbox 301 3508 476 3597; x_wconf 89' lang='lat' dir='ltr'><strong>alterum,</strong></span> <span class='ocrx_word' id='word_1_201' title='bbox 508 3512 665 3611; x_wconf 86' lang='lat' dir='ltr'><strong>inquo,</strong></span> <span class='ocrx_word' id='word_1_202' title='bbox 689 3510 885 3613; x_wconf 90' lang='lat' dir='ltr'><strong>utinquit.</strong></span> <span class='ocrx_word' id='word_1_203' title='bbox 914 3534 998 3592; x_wconf 92' lang='lat' dir='ltr'><strong>eum</strong></span> <span class='ocrx_word' id='word_1_204' title='bbox 1022 3513 1123 3595; x_wconf 83' lang='lat' dir='ltr'><strong>velut</strong></span> <span class='ocrx_word' id='word_1_205' title='bbox 1178 3507 1182 3514; x_wconf 75' lang='grc'><strong><em>’</em></strong></span> <span class='ocrx_word' id='word_1_206' title='bbox 1242 3568 1245 3573; x_wconf 79' lang='lat'><strong>.</strong></span> 
     </span>
    </p>
   </div>
   <div class='ocr_carea' id='block_1_7' title="bbox 88 3612 1226 3838">
    <p class='ocr_par' dir='ltr' id='par_1_7' title="bbox 88 3612 1226 3838">
     <span class='ocr_line' id='line_1_31' title="bbox 88 3612 1226 3722; baseline 0.011 -29"><span class='ocrx_word' id='word_1_207' title='bbox 88 3677 120 3719; x_wconf 76' lang='lat'><strong>‚,</strong></span> <span class='ocrx_word' id='word_1_208' title='bbox 151 3615 360 3696; x_wconf 80' lang='lat' dir='ltr'><strong>emissarium</strong></span> <span class='ocrx_word' id='word_1_209' title='bbox 393 3618 545 3699; x_wconf 83' lang='lat' dir='ltr'><strong>seniores</strong></span> <span class='ocrx_word' id='word_1_210' title='bbox 574 3612 701 3722; x_wconf 88' lang='lat' dir='ltr'><strong>populi</strong></span> <span class='ocrx_word' id='word_1_211' title='bbox 732 3623 836 3700; x_wconf 84' lang='lat' dir='ltr'><strong>vestri</strong></span> <span class='ocrx_word' id='word_1_212' title='bbox 857 3636 893 3702; x_wconf 92' lang='lat' dir='ltr'><strong>et</strong></span> <span class='ocrx_word' id='word_1_213' title='bbox 920 3622 1149 3705; x_wconf 80' lang='lat' dir='ltr'><strong>sacerdotee&#39;</strong></span> <span class='ocrx_word' id='word_1_214' title='bbox 1225 3638 1226 3641; x_wconf 67' lang='lat'>‘</span> 
     </span>
     <span class='ocr_line' id='line_1_32' title="bbox 88 3729 1124 3838; baseline 0.012 -31"><span class='ocrx_word' id='word_1_215' title='bbox 88 3790 121 3834; x_wconf 74' lang='lat'>„</span> <span class='ocrx_word' id='word_1_216' title='bbox 152 3729 382 3819; x_wconf 85' lang='lat' dir='ltr'><strong>eduxerunt,</strong></span> <span class='ocrx_word' id='word_1_217' title='bbox 421 3755 618 3838; x_wconf 80' lang='lat' dir='ltr'><strong>manusque</strong></span> <span class='ocrx_word' id='word_1_218' title='bbox 640 3734 673 3810; x_wconf 89' lang='lat' dir='ltr'><strong>ei</strong></span> <span class='ocrx_word' id='word_1_219' title='bbox 694 3734 920 3827; x_wconf 87' lang='lat' dir='ltr'><strong>iniecerunt,</strong></span> <span class='ocrx_word' id='word_1_220' title='bbox 948 3750 985 3816; x_wconf 89' lang='lat' dir='ltr'><strong>et</strong></span> <span class='ocrx_word' id='word_1_221' title='bbox 1004 3751 1124 3820; x_wconf 86' lang='lat' dir='ltr'><strong>morte</strong></span> 
     </span>
    </p>
   </div>
   <div class='ocr_carea' id='block_1_8' title="bbox 602 3865 1069 3966">
    <p class='ocr_par' dir='ltr' id='par_1_8' title="bbox 602 3865 1069 3966">
     <span class='ocr_line' id='line_1_33' title="bbox 602 3865 1069 3966; baseline 0 -15"><span class='ocrx_word' id='word_1_222' title='bbox 602 3865 709 3964; x_wconf 76' lang='lat' dir='ltr'><strong>Qr</strong></span> <span class='ocrx_word' id='word_1_223' title='bbox 927 3921 954 3966; x_wconf 77' lang='grc'><strong>.</strong></span> <span class='ocrx_word' id='word_1_224' title='bbox 982 3892 1069 3952; x_wconf 84' lang='lat' dir='ltr'><strong>eum</strong></span> 
     </span>
    </p>
   </div>
   <div class='ocr_carea' id='block_1_9' title="bbox 138 4016 425 4101">
    <p class='ocr_par' dir='ltr' id='par_1_9' title="bbox 138 4016 425 4101">
     <span class='ocr_line' id='line_1_34' title="bbox 138 4016 425 4101; baseline -0.007 -16"><span class='ocrx_word' id='word_1_225' title='bbox 138 4016 425 4101; x_wconf 56' lang='lat' dir='ltr'><strong>mmmmm.</strong></span> 
     </span>
    </p>
   </div>
   <div class='ocr_carea' id='block_1_10' title="bbox 0 0 1258 4958">
    <p class='ocr_par' dir='ltr' id='par_1_10' title="bbox 0 0 1258 4958">
     <span class='ocr_line' id='line_1_35' title="bbox 0 0 1258 4958; baseline 0 0"><span class='ocrx_word' id='word_1_226' title='bbox 0 0 1258 4958; x_wconf 95' lang='lat' dir='ltr'><strong> </strong></span> 
     </span>
    </p>
   </div>
  </div>
 </body>
</html>
