2506 4958
70 210 76 221 ·
123 220 136 234 ⁸
192 207 365 317 „gnum
390 217 516 308 Christ·
532 221 570 297 in
586 223 706 301 terris.
723 244 750 299 t.
769 217 956 300 XXXIX.
1012 245 1104 320 :353

70 376 420 485 regem-Galliarum
444 382 631 483 alioquin,
662 400 703 483 ut
735 382 972 462 Mabrtronrus
988 386 1105 466 adno-

70 512 238 583 tet,·non
254 494 411 586 nrasurn3
436 494 492 570 sed
510 510 597 572 tunc
609 519 719 594 prave
731 495 996 574 consuetudine
1011 513 1105 576 tenr-

70 630 206 710 porum
230 607 394 708 proclive
426 606 494 681 suit
521 609 556 680 in
589 613 744 707 praeceps
774 607 915 686 abduci.
964 614 996 702 ’,ς
1023 597 1104 690 Rex

70 777 88 814 υ
118 719 332 798 Ludovicus
354 722 422 808 (ut
439 741 475 817 p.
500 738 559 809 57.
592 717 737 806 scribit)
766 743 840 796 non
870 735 942 796 tam
964 719 1103 820 episeo·

70 888 86 927 ,
116 856 213 932 pos,
244 854 353 932 quarn
380 833 417 904 in
434 830 609 930 episcopis
634 831 770 907 iussitiae
791 833 1018 931 persequitur
1040 859 1102 912 zea

70 945 194 1038 „lum
213 958 232 1029 ,⁴
266 941 436 1028 cultum,
481 941 716 1040 habitumque
749 943 862 1041 ipsum
902 943 1099 1042 reiigicnin

70 1112 87 1150 „
118 1055 236 1150 Quod
255 1057 375 1130 vestrae
396 1076 545 1154 quoque
568 1056 755 1154 prudentia
775 1055 961 1134 saniiitatis
981 1055 1034 1134 vei
1048 1081 1099 1137 etr
1192 1056 1194 1060 ’

70 1218 86 1260 a
116 1192 164 1246 eo
182 1165 286 1245 faciie
309 1167 491 1242 advertere
510 1167 649 1264 potest,
680 1165 779 1267 quod
800 1172 864 1273 qui
884 1184 969 1245 ante
983 1168 1100 1249 inhaa

70 1336 86 1372 .,
116 1283 195 1357 bitu
224 1280 374 1378 auoque
408 1276 554 1355 seculari
589 1276 757 1356 honorati
797 1279 1098 1373 suntsublinresr

70 1448 84 1483 ,
116 1391 262 1471 iudicati
294 1388 436 1476 fideles,
467 1389 577 1468 habiti
600 1390 809 1485 familiares;
838 1390 954 1468 modo
978 1395 1099 1471 iniuria
1166 1386 1169 1393 ’

70 1560 85 1595 ,,
112 1507 147 1580 ci
172 1503 254 1581 frisi
280 1502 377 1588 sunt,
417 1502 528 1601 digne
563 1500 627 1579 suo
658 1502 857 1580 sacerdotio
884 1505 1099 1584 conversan-

70 1671 84 1709 ,,
115 1628 195 1715 tes'„
230 1629 267 1690 et
295 1627 360 1712 per
387 1617 509 1689 omnia
541 1613 822 1692 honorificantes
862 1617 1100 1697 ministerium

70 1786 86 1820 ‚,
115 1727 232 1806 suurn.
293 1724 389 1803 Hinc
422 1727 589 1823 gravibus
629 1725 859 1804 contumeliis
894 1744 931 1805 et
959 1732 1098 1808 iniuriis

70 1897 85 1931 „
114 1839 275 1939 episcopi
304 1836 497 1914 Parisrensis
525 1839 733 1914 innocentia
754 1836 886 1936 pulsata
919 1830 993 1928 est',
1037 1839 1097 1920 sed

70 2009 85 2042 ‚‚
115 1976 195 2027 non
220 1948 392 2051 quassata:
423 1952 505 2050 quia
532 1947 716 2028 Dominus
732 1947 919 2049 supposuit
946 1972 1096 2028 manum

70 2118 87 2156 ‚‚
118 2063 239 2149 suant,
269 2062 418 2139 vestram
441 2061 622 2161 opposuit.
680 2059 778 2138 Hinc
806 2074 842 2138 et
861 2061 1097 2139 nuncdomia

70 2231 84 2267 0
114 2178 151 2251 ni
175 2174 280 2251 huius
317 2172 534 2251 Senonensn
564 2171 798 2250 constantiam
834 2189 1030 2252 concutere
1059 2189 1097 2253 et
1214 2220 1217 2225 ·

70 2343 84 2378 ,
114 2286 318 2363 hbefasiare
348 2299 527 2387 conatur;
575 2299 615 2364 ut
635 2285 921 2385 metropolitano
953 2272 1109 2387 (quod‘

70 2455 84 2491 „
114 2396 233 2489 absit)
262 2397 416 2484 desesio,
447 2397 546 2474 facile
564 2413 686 2496 ¹prout
713 2399 891 2485 voluerit.
922 2398 1097 2498 grassetur
1214 2390 1217 2400 ’

70 2567 84 2601 ,,
114 2514 151 2586 in
174 2509 426 2606 suii'raganeoe.
486 2509 672 2586 Postremo
699 2513 778 2612 quis
804 2513 977 2607 ambigit,
1017 2534 1095 2588 non

70 2679 82 2714 ,
112 2620 211 2698 aliud
237 2645 319 2699 eum
341 2644 447 2719 quarn
470 2645 684 2719 oppugnare
713 2624 949 2720 religionem,
982 2647 1093 2722 quarn

70 2791 83 2824 ¹,
115 2737 287 2809 nimirum
313 2751 434 2831 aperte
458 2736 505 2809 sui
544 2736 644 2829 regni
671 2731 977 2820 destrutiion'enr‚
1025 2734 1095 2810 suae'

70 2902 85 2937 .,
115 2869 262 2922 coronae
281 2849 493 2944 pronuntiat
514 2843 721 2948 inimicum?
742 2840 786 2919 Et
804 2843 892 2919 alter
907 2840 1093 2932 Herodes,

70 3013 86 3046 ,,
118 2954 300 3034 Christum
320 2960 474 3031 nonium
495 2958 529 3030 in
545 2957 730 3032 cunabulis
750 2954 856 3032 habet
875 2949 1094 3052 suspeciunr3

70 3126 86 3160 ‚,
118 3069 175 3143 sed
196 3085 232 3144 et
256 3072 291 3143 in
308 3061 457 3144 ecclesiis
477 3069 610 3143 invidet
632 3067 835 3143 exaltaturo.
895 3065 975 3144 Nec
997 3053 1095 3143 uliud

70 3238 85 3272 ‚,
116 3180 195 3255 sane
217 3180 425 3264 credimus,
471 3203 553 3255 eurn
579 3179 707 3255 habere
732 3177 894 3255 adversus
922 3170 1096 3278 archiepis

70 3339 87 3383 „·
118 3292 288 3387 scopum,-
322 3290 383 3365 nisr
404 3299 503 3390 qrrod
537 3290 697 3389 spiritum
732 3295 768 3369 in
798 3292 907 3390 ipso.
946 3289 1034 3370 stc'ut
1057 3293 1095 3368 in

70 3460 87 3496 ‚‚
120 3407 255 3480 caeteris
273 3451 282 3489 ,
315 3403 451 3479 laborat
469 3405 683 3501 extinguere
698 3398 736 3494 „i

154 3612 251 3703 Facit
272 3608 342 3691 huc
372 3606 404 3690 S.
426 3607 592 3691 Berriurdi
610 3596 756 3715 epistola
779 3614 865 3703 195.
897 3611 941 3689 ad
961 3612 1096 3714 episco³

70 3748 156 3827 pum
180 3727 486 3802 Constantiensern
513 3738 547 3826 p'.
576 3738 662 3817 187·
690 3726 735 3801 de
751 3721 911 3803 Arnaldu
937 3722 1099 3804 uererer.-

70 3838 89 3914 fi
119 3837 270 3914 homine
294 3838 459 3916 seditioso
483 3856 518 3914 et
539 3839 708 3913 haeretico
729 3837 875 3938 scripta.
906 3839 1095 3939 postquam

70 3953 137 4025 ianr
156 3952 184 4025 is
212 3972 267 4025 an.
290 3970 360 4039 1¹3
368 3966 404 4040 9.
434 3952 472 4026 sn
492 3950 631 4052 synodo
656 3947 880 4029 Laterunenii
896 3953 1097 4031 oecunreni·

70 4058 176 4139 Tou.
208 4059 235 4138 l.
587 4058 623 4138 Z
1002 4084 1043 4140 ce
