2506 4958
87 348 89 352 Α
202 250 359 353 regnum
380 245 509 344 Cbrr'tii
520 253 561 329 in
573 249 692 332 terris.
712 275 741 333 c.
762 242 942 337 XXXVI.
1023 276 1099 351 arr
1232 269 1233 275 ‘

60 442 100 498 re
125 415 240 494 videri
261 393 447 508 odiebant3
479 429 518 494 ut
541 430 661 492 tamen
681 413 744 517 ipsr
765 413 827 498 sibi
857 391 1023 522 sacrilege
1047 420 1098 499 le·
1142 507 1144 512 ,

59 534 227 632 gitimam
243 526 505 609 ecciesrasiicanr
521 527 732 630 potestatem
750 545 978 628 arrogantes,
995 531 1097 613 usur.
1119 596 1121 601 .
1216 522 1219 527 ’

52 640 285 751 prioresque,
304 638 492 741 episcopos
510 640 553 715 ad
571 656 702 722 nutum
722 639 824 722 suum
839 639 906 726 esse
923 643 1076 723 velient

144 801 297 882 Photius
324 800 481 880 Nicoiao
507 799 535 880 1.
566 825 629 902 per
651 802 789 902 legatos
816 801 1004 905 subrepere
1028 830 1092 886 eo·

62 917 266 1000 natusest,
308 913 393 992 dum
435 914 505 1013 ipse
535 913 700 1015 pontifex
732 913 870 1013 cpolin
900 917 982 1001 iiior
1008 923 1093 998 mit·

60 1043 184 1113 teret,
234 1029 332 1128 iique
365 1024 698 1104 violenterindudii
733 1030 1006 1133 permitterent,
1050 1046 1092 1110 ut

60 1140 95 1217 S.
119 1137 277 1238 {gnatius
295 1142 331 1213 in
348 1138 588 1218 conciliabulo
611 1138 922 1227 exaudoraretun
947 1142 1091 1242 publico

61 1250 224 1331 detractis
245 1249 345 1327 sacris
371 1252 536 1327 vestibus.
595 1248 680 1344 Qua
709 1251 761 1327 de
784 1275 821 1328 re
854 1251 1026 1334 Nicotaus
1050 1252 1088 1333 Ρ.

61 1365 194 1447 certior
218 1362 326 1440 satius
357 1385 402 1437 ex
426 1362 508 1438 aiiis
529 1360 755 1441 conciliabuli
784 1363 882 1441 adse
908 1387 972 1464 per
994 1363 1090 1446 Leo·

61 1498 145 1550 nem
177 1475 401 1552 secretarium
423 1475 646 1572 imperatoris
676 1473 824 1560 delatis,
869 1477 993 1554 eadem
1015 1478 1090 1556 atta

60 1602 96 1664 et
123 1586 326 1685 legatorum
359 1585 502 1663 suorum
528 1583 666 1663 rescidit
686 1587 723 1661 in
748 1588 908 1666 concisio
937 1587 1089 1672 Roma:
1226 1684 1229 1689 1

58 1721 218 1798 cumque
251 1697 488 1774 nihilominus
515 1694 665 1775 Photius
700 1702 859 1794 potentia
894 1702 1090 1799 imperato·

59 1813 107 1885 ris
137 1808 300 1896 suffultus
320 1808 437 1885 sedern
468 1824 627 1892 teneret,
659 1808 858 1907 Nicotaus,
905 1833 949 1889 ex
978 1812 1088 1912 pluri-

58 1922 125 1998 bus
149 1923 344 2022 provinciis
372 1935 577 1997 convocato
606 1920 735 2019 iterum
754 1920 957 2006 ¹concilio,
998 1947 1087 2000 eun·

59 2033 142 2110 dem
163 2029 364 2132 depofitum
380 2030 731 2124 excommunicavit3
761 2033 860 2131 quod
881 2056 967 2110 vero
988 2032 1085 2111 vicis-
1227 2095 1231 2104 .

57 2143 121 2225 sim
145 2142 293 2228 Pharius
325 2142 436 2246 Cpoli
457 2141 612 2224 Nicoiao
628 2141 663 2224 P.
686 2144 813 2224 iterato
830 2148 1031 2226 intentavit.
1059 2147 1062 2153 ’
1136 2192 1160 2256 y

143 2303 244 2386 Licet
264 2328 352 2384 vero
375 2304 552 2382 iiiichaele
578 2319 726 2383 mortuo
749 2304 923 2384 successor
944 2304 1087 2386 Bafilius

59 2418 92 2495 S.
128 2416 307 2516 ignatium
342 2419 557 2502 restituerit,
612 2417 683 2497 hoc
718 2433 835 2494 tamen
869 2416 998 2519 pariter
1026 2419 1088 2495 de-

58 2530 220 2615 fundos
239 2535 274 2605 in
301 2532 375 2605 eius
398 2529 520 2605 locum
554 2527 725 2606 Pharium
763 2535 921 2623 revocari
948 2533 1087 2609 curavit
1186 2556 1190 2568 ·

58 2646 95 2719 in
119 2643 276 2719 concilio
313 2640 445 2740 Cpod,
494 2641 596 2739 quod
629 2640 746 2718 Graeci
780 2642 985 2718 schismatici
1016 2665 1085 2739 pro

58 2754 186 2830 ottavo
209 2753 363 2851 generali
385 2752 537 2834 hahent,
585 2750 715 2828 sublata
747 2752 946 2851 esymbolo
977 2756 1087 2850 parti-

59 2865 136 2943 cula
163 2864 317 2960 Filioque
344 2867 392 2943 ob
409 2861 667 2964 processionem
695 2865 863 2940 nimirum
883 2863 1082 2962 spirituas.

56 3002 75 3054 a
94 2976 196 3054 Patre
212 2975 377 3077 Filioque
395 2979 431 3051 in
456 2975 615 3057 concilio
647 2973 844 3073 Cpolitano
865 2972 896 3051 l.
930 2975 1085 3050 necdum

57 3088 225 3187 symbolo
245 3078 389 3180 addita3
424 3113 502 3188 quae
542 3093 609 3165 iarn
635 3086 818 3186 superiore
843 3087 961 3164 seculo
989 3083 1084 3163 Vtri.

56 3200 116 3279 sed
149 3198 219 3278 fine
244 3201 438 3277 violatione
462 3201 556 3300 pacis
586 3199 725 3278 rursum
747 3201 782 3272 in
804 3196 1085 3277 controuersiam

57 3329 158 3388 mota
180 3313 229 3391 est
248 3313 416 3411 quaestiu‚
447 3308 549 3388 miffis
570 3315 675 3386 etiam
705 3309 976 3387 aConsiantino
999 3327 1088 3387 tunc

56 3427 189 3521 imper.
201 3424 243 3498 ad
259 3423 428 3523 Pipinum
448 3445 569 3520 regem
590 3422 735 3519 segarim
768 3421 875 3498 veluti
894 3424 997 3498 etiarn
1014 3418 1088 3499 hoc

56 3535 179 3611 seculo
203 3533 272 3617 lX.
292 3540 329 3612 in
351 3533 451 3611 causa
468 3536 664 3631 imaginum
685 3531 896 3608 aMrcnaete
910 3548 945 3606 et
964 3530 1089 3610 Theo-

56 3647 164 3747 philo
177 3650 291 3746 impp.
310 3647 356 3725 ad
372 3643 601 3725 Ludovicum
624 3643 726 3721 Pium
747 3643 882 3742 legatio
903 3641 998 3719 missa
1016 3645 1078 3732 est,

55 3782 138 3856 quaa
168 3756 334 3859 scriptam
360 3755 615 3858 professionem
648 3755 731 3831 fidei
755 3753 1013 3842 finierattutir,
1038 3758 1090 3830 in·

56 3873 289 3967 tegerrirnam
321 3871 566 3968 caeteroquin,
592 3885 699 3969 atquc
723 3872 829 3943 etiam
851 3872 943 3944 circa
964 3869 1090 3963 imagi-

57 4005 149 4060 num
164 3982 304 4061 cuitum
326 3980 437 4061 multa
456 3979 707 4059 moderatione
727 3993 973 4079 temperatam.
1004 3975 1102 4081 Epi-¹

524 4089 560 4169 U
591 4112 617 4183 4
666 4096 671 4119 ¹
931 4090 1034 4189 scopi
