2512 4620
292 235 445 314 regnum
465 206 789 303 enuntiaturus.
809 231 839 290 e.
857 206 958 290 LIX.
1064 234 1146 311 309

103 383 226 462 dimus
247 381 419 458 timorem
436 374 632 468 Panicum,
660 399 741 478 quo
761 389 850 455 tunc
866 375 1060 458 concussus
1074 380 1145 461 fuit

102 500 204 574 urbis
227 493 437 570 christianus
453 489 505 565 ob
521 487 706 589 pericula,
736 511 818 590 quae
841 489 1057 569 videbantur
1073 495 1143 569 im-

102 612 245 686 minere
265 604 533 704 postremorum
553 614 775 702 tempotum.
824 597 1035 681 Exterrebat
1052 621 1145 684 tunc

102 734 270 798 veterum
303 717 433 816 opinio
462 712 509 791 de
543 734 661 811 reguo
685 711 818 791 Chtiiii
859 712 958 791 miiie
977 711 1020 803 u)
1040 720 1158 797 annis·

103 832 306 915 duraturo,
337 848 414 928 quo
433 825 548 924 nagia
571 825 615 901 ud
640 826 837 903 terminum
861 828 1033 925 vergebat
1051 841 1159 906 tent.·

103 967 177 1048 pus
200 939 313 1018 iliud:
360 940 455 1017 circa
479 938 662 1014 decimum
690 935 882 1037 prasertim
916 938 1071 1018 seculum
1098 940 1145 1021 ad

103 1055 363 1156 expeditiones
382 1052 420 1127 in
444 1065 577 1129 terram
606 1048 758 1126 santiam
775 1049 1052 1140 exstimulant.
1083 1052 1161 1159 aut',

104 1164 281 1267 erigenda
316 1162 567 1247 monasteria,
613 1174 657 1239 ut
687 1162 878 1261 expeditos
918 1161 1161 1244 facultatibus·

105 1279 219 1358 huius
242 1274 347 1354 seculi
368 1289 527 1352 venturu
552 1273 662 1350 iudici
688 1271 846 1351 {isterent
868 1271 938 1351 sese
946 1297 959 1368 ;
991 1280 1160 1356 terrebat·

106 1387 498 1472 Mahumedanismua,
548 1386 863 1487 portendebatque
904 1386 1158 1469 ditectionem·

104 1502 207 1581 iiiam
232 1503 289 1580 seu
319 1498 524 1600 apostasiam
544 1520 563 1573 a
581 1494 633 1577 D.
653 1496 765 1577 Paulo
787 1510 974 1587 notatam,
1003 1498 1043 1589 b)
1057 1503 1167 1584 dum·

105 1614 222 1692 veluti
245 1611 478 1714 rapidiffimus
513 1625 661 1686 torrent
687 1607 969 1686 florentiffimam
991 1617 1149 1693 oriente-

107 1725 183 1805 lem
201 1722 403 1809 Ecclesiam,
424 1720 560 1807 Aiiam,
578 1718 746 1808 Africam,
762 1744 804 1798 ac
817 1720 1068 1804 nobiliiiimatn
1078 1724 1151 1805 Eu.

106 1862 215 1937 uupae
236 1852 374 1936 partem
399 1830 580 1910 inundans
609 1831 852 1932 undequaque
880 1836 917 1910 in
943 1833 1012 1910 iilis
1034 1837 1150 1937 plagia

107 1950 338 2029 christianam
362 1943 561 2044 expelleret
586 1941 830 2043 religionem.
873 1946 1152 2050 minabaturque

108 2063 186 2138 toti
218 2058 386 2137 Romano
411 2050 568 2157 inperio
595 2055 805 2133 interitum:
849 2055 888 2135 id
910 2057 1013 2159 quod
1037 2060 1087 2136 est
1106 2062 1151 2139 ab

108 2171 282 2271 apostolo
310 2166 344 2258 c)
367 2167 590 2269 designatum
616 2166 671 2245 his
699 2170 843 2245 verbis:
898 2171 1025 2264 utqui
1056 2182 1152 2249 tenet

110 2306 233 2372 nunc,
281 2291 427 2368 tenent,
469 2281 576 2372 donec
602 2280 643 2356 de
667 2280 781 2358 medio
800 2279 881 2379 fiat.
941 2279 1154 2363 Perduravit

109 2395 317 2499 periculum
339 2395 426 2472 iliud
444 2393 488 2471 ad
519 2393 637 2472 nostra
666 2417 780 2496 usque
802 2411 997 2496 tempora.
1026 2412 1067 2474 ut
1084 2399 1153 2475 mi.

112 2532 198 2586 rum
217 2507 312 2584 haud
330 2506 392 2595 fit,
420 2504 545 2595 fuiffe,
585 2522 694 2608 atque
719 2507 920 2585 etiamnum
951 2502 1045 2594 effe.
1073 2512 1155 2610 qui-

110 2621 184 2697 bua
208 2622 298 2697 visus
319 2618 361 2696 fit
387 2618 595 2695 revelandus
615 2639 661 2692 ex
692 2613 780 2694 seua
809 2617 893 2701 iiia.
924 2632 987 2696 aut
1006 2622 1075 2695 iam
1093 2645 1155 2697 ve.

113 2731 171 2810 lut
189 2731 310 2807 saltem
333 2733 369 2806 in
390 2730 497 2827 stirpe
523 2729 581 2805 seu
600 2730 766 2826 germine
785 2727 985 2815 revelatus,
1016 2729 1075 2806 iiie
1091 2731 1154 2809 hu-

112 2866 175 2922 mo
193 2844 347 2940 peceati,
368 2839 469 2935 filius
484 2838 694 2938 perditionis
709 2839 966 2920 Antichristus:
987 2841 1092 2919 bestia
1112 2843 1156 2921 il·

112 2955 175 3044 la,
206 2978 315 3056 quam
339 2952 379 3041 ci)
401 2954 493 3030 vidit
518 2952 553 3031 S.
571 2951 722 3030 loannes
742 2950 783 3027 de
805 2956 903 3028 muri
918 2950 1155 3050 ascenderam

114 3063 300 3148 habentem
322 3067 438 3162 capita
447 3062 603 3163 septean,
633 3074 667 3140 et
687 3086 820 3141 cornua
841 3064 973 3153 decem,
1003 3076 1039 3142 et
1043 3063 1155 3164 super

115 3202 251 3258 cornua
268 3200 340 3254 etus
361 3177 474 3253 decem
497 3175 721 3265 diademata,
764 3188 798 3254 et
807 3175 917 3277 super
934 3181 1050 3275 cupita
1081 3180 1157 3257 eius

114 3294 262 3368 nomina
287 3286 523 3389 blasphemia:
566 3290 683 3390 deque
703 3312 775 3391 qua
796 3306 898 3369 antea
929 3288 964 3379 e)
982 3288 1156 3382 ioannes.

119 3406 184 3482 ubi
209 3404 254 3480 de
272 3404 414 3480 duobus
444 3401 591 3479 testibus
611 3405 703 3500 agit:
733 3401 777 3478 tu
794 3424 872 3480 cum
886 3401 1048 3496 finierint
1066 3399 1158 3490 talii-

119 3518 278 3593 monium
296 3512 424 3612 suum,
455 3509 588 3603 uetita,
619 3535 692 3609 que
713 3513 867 3608 ascendit
887 3514 929 3590 de
948 3510 1076 3614 ubyffi,
1094 3511 1157 3613 fu-

121 3630 190 3704 ciet
207 3627 373 3724 aduersus
389 3648 445 3705 eos
467 3621 590 3701 bellum
613 3679 624 3707 ,
660 3634 695 3703 et
723 3626 843 3704 vincet
866 3648 939 3713 eos.
974 3639 1008 3701 et
1028 3628 1159 3704 occidet

121 3762 189 3818 eus.
248 3737 370 3816 Finxit
401 3754 437 3816 et
474 3737 548 3839 ipse
591 3733 785 3817 Mahontet
823 3737 1157 3819 Antimahometem

625 3842 714 3939 Va
978 3849 1104 3953 suuni,

167 3961 201 4031 e)
226 3955 266 4019 td
282 3975 310 4034 p.
335 3974 402 4030 ¹95·
467 3956 501 4030 ia)
523 3951 561 4016 li.
580 3950 677 4016 Theti.
693 3952 729 4018 li.
756 3973 784 4034 3.
848 3955 975 4037 e)v.7.

164 4044 200 4118 ai)
224 4044 312 4118 ipuc.
331 4036 415 4102 xm.
439 4046 466 4098 ιζ
531 4042 559 4114 e)
583 4038 635 4117 Δρ.
650 4036 706 4104 xi.
730 4055 760 4118 ¹1.
