2506 4958
189 228 342 306 regnum
367 201 497 297 earne
519 203 559 282 en
586 203 708 286 emes.
726 158 757 286 ὲ.
777 204 921 287 narrt<
1019 227 1101 302 ,ος

63 372 103 457 io
138 366 294 451 Ecclesia
319 369 553 451 NazIanzeua
592 366 796 448 successoris
825 383 916 449 orat.
958 366 1103 453 XVIII.

58 483 212 563 oonstat
242 481 320 577 Qui
348 482 421 581 ipse
450 483 557 558 etiarn
578 481 755 581 triumphi
781 481 873 561 illius
902 487 1104 584 particeps.

57 620 103 677 ac
124 593 161 675 S.
176 592 289 673 Bablii
314 598 349 670 in
363 591 613 675 huiuscemodi
632 610 761 675 contra
783 593 977 678 Valentem
994 651 1006 685 ,
1024 597 1106 675 Ari.

59 730 217 787 anorum
244 704 527 808 hyperaspisten,
552 706 681 804 praeliis
716 705 832 786 socius
855 707 943 797 fuit,
976 731 1107 810 quem·

59 820 266 900 admodum
303 818 469 895 elucescit
525 839 573 893 ex
624 817 782 897 eiusdem
828 834 917 897 orat
963 817 1103 903 XLIII.

56 932 205 1013 funebri
231 933 271 1005 in
300 927 438 1007 laudem
477 924 599 1016 Basilii
630 932 752 1027 magni
783 928 939 1030 Cesarea
957 934 997 1008 in
1017 933 1107 1032 Cup.

55 1043 208 1145 persocia
226 1040 384 1139 episcopi.
442 1038 514 1120 Ubi
535 1040 724 1141 postquam
742 1045 955 1127 communio
970 1048 1106 1127 utrius-

62 1179 141 1256 que
172 1158 325 1258 aprIma
353 1157 541 1236 iuventute
566 1152 697 1240 studia,
739 1153 890 1235 Athenis
912 1159 1109 1260 primum,

59 1267 147 1345 dein
179 1269 216 1342 in
251 1266 471 1345 monachatu
501 1278 539 1343 et
563 1264 733 1350 clericatu
752 1266 793 1359 u)
823 1272 910 1348 item
939 1291 1106 1373 commeq

61 1373 254 1464 notasset.
279 1378 539 1483 prosequitur:
573 1432 595 1469 „
616 1377 714 1461 Cum
733 1381 770 1455 in
796 1378 853 1463 his
883 1379 1006 1463 studiis
1025 1405 1105 1461 rer·

60 1546 86 1586 „
116 1489 296 1574 fatemur,
327 1492 465 1585 ingruit
485 1487 603 1573 subito
624 1491 739 1571 nuber
763 1490 951 1590 grandinis
974 1492 1105 1595 plena.

63 1659 89 1698 ,‚
118 1618 155 1679 et
178 1600 330 1681 exitiose
361 1601 539 1688 stridens,
569 1624 650 1704 quae
679 1603 831 1683 obtrivit
847 1602 1007 1687 ecclesias
1023 1632 1105 1685 orn.

62 1771 88 1811 „
120 1736 209 1799 nes,
240 1714 278 1790 ln
301 1736 388 1813 quas
419 1712 572 1800 cecidit,
625 1726 662 1796 et
687 1714 920 1821 quascunque
952 1716 1102 1815 invafit3

61 1883 87 1921 „
116 1828 370 1925 imperatorem
396 1824 481 1903 dico
507 1827 584 1902 auri
605 1825 908 1915 amantiffimum,
939 1842 976 1906 et
994 1828 1105 1911 Chri·-

61 1995 87 2036 „
118 1939 157 2015 sli
195 1934 502 2019 inimicissimum,
535 1957 578 2013 ac
617 1935 757 2019 duabus
793 1937 851 2019 hir
891 1939 1105 2037 gravissimis
1230 1982 1244 2016 ι

61 2105 87 2144 „
118 2050 290 2133 morbis,
348 2046 557 2145 inexplebili
602 2049 776 2129 nimirum
832 2053 1012 2139 avaritia,
1066 2069 1105 2134 et
1238 2072 1243 2165 ζ

64 2217 89 2256 ,,
120 2158 336 2257 blasphemia
357 2160 613 2240 laborantem:
641 2162 704 2264 qui
725 2161 805 2261 post
836 2162 1103 2260 persecutorem

63 2329 89 2367 „
118 2270 323 2371 persecutor
338 2273 481 2356 extitit,
512 2287 548 2351 ct
572 2271 657 2369 post
678 2275 873 2372 apostatant
891 2329 903 2362 ‚
923 2299 1000 2352 nou
1021 2281 1106 2377 qui.

63 2439 88 2479 „
120 2384 203 2463 dem
234 2382 414 2483 apostata,
460 2383 516 2460 sed
549 2382 666 2465 nihilo
693 2398 814 2467 tamen
849 2385 980 2464 melior
1008 2389 1103 2468 chri,

66 2553 91 2590 „
121 2496 266 2581 silanis,
312 2495 371 2572 vel
403 2509 444 2578 ut
468 2495 594 2571 retlius
629 2495 779 2596 loquar,
822 2495 1102 2581 christianorum

66 2665 91 2702 „
121 2603 302 2708 piillimae,
349 2620 384 2690 et
410 2604 599 2706 purissimae
630 2610 720 2706 parti
747 2632 790 2685 ac
812 2606 1001 2689 Trinitatis
1026 2615 1105 2691 cul.

66 2777 92 2815 „
121 2720 220 2806 tuci,
251 2741 361 2820 quam
392 2718 538 2820 quidem
571 2717 681 2797 sulam
710 2720 881 2817 pietatem
906 2745 952 2798 ac
981 2723 1106 2804 saluta.

68 2888 93 2925 „
123 2854 198 2906 rem
234 2831 433 2911 doilrinam
460 2826 604 2929 appello
617 2886 651 2922 ‚‚.
722 2827 945 2912 Barbaricum
981 2839 1105 2933 postea

68 2944 165 3022 hanc
188 2939 429 3021 incursionem
457 2955 584 3028 vocat,
616 2964 724 3044 quam
753 2964 824 3023 una
849 2965 934 3020 cum
950 2941 1105 3029 Valente

70 3053 261 3155 susceperit
312 3111 334 3151 „
354 3057 532 3130 exercitus
551 3052 628 3153 ipso
656 3052 812 3152 dignus,
854 3056 1014 3159 improbi
1045 3084 1106 3139 ec·

69 3163 303 3261 „elebatum
343 3166 637 3266 gubernatores,
677 3166 756 3244 laevi
790 3180 900 3268 atque
927 3170 1104 3253 Immunes

69 3336 93 3373 ‚‚
122 3279 224 3354 orbis
247 3279 360 3368 illius,
401 3280 462 3380 qui
500 3276 605 3377 rpfius
626 3281 782 3382 imperio
804 3292 843 3359 et
868 3279 998 3363 ditioni
1022 3283 1105 3365 sub-

68 3446 94 3485 „
124 3390 233 3468 iellus
265 3406 361 3479 erat,
391 3390 585 3470 tetrarcha.
602 3446 625 3484 ‚‚

125 3550 237 3630 Tunc
259 3552 365 3629 nobis
396 3576 571 3652 magnum
595 3550 630 3629 S.
652 3549 816 3632 BaIIIIum
846 3551 928 3634 sistit
953 3582 1002 3636 ex
1025 3583 1104 3643 ere·

69 3685 136 3741 mo
165 3664 209 3740 ad
242 3662 433 3743 substdium
478 3664 560 3743 fidei
592 3680 871 3744 accurrentemt
933 3674 997 3774 qui
1028 3690 1102 3752 tam

70 3775 236 3878 scriptis,
266 3800 377 3878 quam
405 3779 512 3856 eriam
543 3799 667 3855 coram
700 3776 912 3884 congressor
941 3789 1105 3887 primum

957 3920 1047 3977 cum

113 4056 253 4137 elotae
275 4054 382 4126 Xblls.
406 4077 435 4125 tt
463 4076 511 4142 ³⁰·
533 4077 659 4143 pem
