2506 4958
292 172 444 301 reg⁸num
475 197 604 291 Chrrlli
626 203 665 278 in
687 204 807 290 terris,
830 190 859 281 n
879 204 1003 286 XXX.
1077 220 1153 305 263

113 366 185 443 bus
201 363 367 463 colligit,
400 390 475 441 non
493 364 609 442 multo
630 367 710 464 poll
724 390 859 447 artuum
877 389 967 462 439.
989 370 1154 473 scripsisse

113 501 201 556 eum
215 477 326 554 libros
339 477 383 554 de
396 479 662 576 gubernatione
677 478 767 561 Dei,
785 481 948 580 adeoque
960 505 1152 584 antequam

114 587 308 679 ltalia‚xet
337 606 393 666 tot
422 589 495 669 aliae
521 610 647 688 gentes
680 592 824 673 Attilam
855 591 1150 691 flagellumllei,

115 699 235 781 Roma
249 720 284 779 et
304 701 419 783 Africa
437 700 693 786 Genl'ericum.
723 704 817 781 idem
837 706 881 780 de
903 708 935 781 le
960 711 1148 798 testatum.

114 814 263 914 aliaeque
291 817 486 914 provinciae
510 819 647 912 imperii
670 813 823 896 Romani
845 818 1045 904 invafiones
1069 823 1151 900 alias

114 949 274 1027 expertae
289 923 407 1007 ellent.
443 928 501 1003 Sic
518 951 603 1001 vero
620 927 677 1002 lib.
695 926 756 1004 Vl.
773 951 802 1005 c.
830 951 885 1006 12.
905 933 1091 1012 Salvianus
1106 935 1171 1015 ad.

112 1062 191 1133 rem
206 1039 377 1138 loquitur,
394 1036 568 1130 „Vallata
581 1042 627 1117 eil
646 1039 739 1124 ltalia
753 1056 808 1118 tot
822 1045 889 1117 iarn
903 1044 1079 1123 cladibus:
1095 1071 1152 1125 et·

112 1206 138 1244 „
167 1174 219 1249 gn
233 1151 406 1229 Italorum
421 1155 501 1228 uitia
517 1151 743 1232 destiterunt?
756 1151 899 1231 Oblella
915 1158 965 1232 est
977 1148 1154 1239 urus'Ro,

111 1319 137 1358 ,‚
169 1288 246 1348 nra,
278 1279 314 1340 et
330 1280 555 1361 expugnatas
587 1288 679 1361 ergo
698 1263 876 1345 defierunt
894 1269 1090 1367 blasphemi
1108 1295 1149 1350 ac

111 1430 136 1479 η
166 1372 291 1452 furiulr
316 1373 383 1450 elle
408 1373 587 1460 Romani?
612 1375 991 1464 inundarunt'Gallias
1017 1399 1146 1480 gentes
1206 1415 1209 1423 ·

111 1542 136 1581 ,‚
166 1488 337 1573 barbata:
369 1510 478 1584 ergo,
499 1505 675 1586 quantum
688 1489 730 1562 ad
745 1515 862 1569 mores
879 1496 1038 1589 perditos
1051 1495 1147 1594 lpec·
1196 1516 1204 1533 ‘

111 1655 136 1694 „
166 1613 237 1686 tat,
267 1623 344 1682 non
376 1601 498 1680 eadent
521 1599 600 1683 lunt
629 1599 819 1677 Gallorum
852 1608 1020 1689 crimina,
1064 1630 1147 1708 quae
1225 1674 1230 1690 .

113 1767 138 1807 „
166 1710 338 1796 fuerunt?
368 1709 685 1795 Transcendetunt
702 1718 737 1788 in
759 1712 933 1812 Hil'paniae
954 1735 1061 1801 terras
1080 1743 1148 1818 po·
1246 1812 1250 1821 ¹

109 1879 134 1918 ,,
164 1824 239 1923 puli
265 1822 564 1906 Wandalorum:
595 1839 728 1904 mutata
755 1828 900 1923 quidem
927 1830 975 1905 est
992 1828 1065 1905 sors
1083 1827 1148 1906 Hi.

110 1990 135 2030 „
165 1936 398 2043 spanorum„
427 1935 586 2018 sednon
612 1952 744 2016 mutata
771 1935 947 2015 uitiositas.
1008 1939 1147 2022 Polite.

111 2104 136 2142 „
168 2072 252 2134 mo,
285 2071 330 2125 ne
360 2071 427 2158 qua
453 2071 531 2147 pars
557 2047 681 2127 mundi
712 2048 916 2124 exitialibus
943 2051 1040 2127 malis
1059 2049 1145 2130 ellet

110 2215 135 2254 ,‚
164 2162 353 2244 immunis,
387 2164 557 2257 navigate
584 2183 646 2258 per
670 2157 797 2236 fludlus
815 2161 901 2243 bella
927 2147 1143 2260 coepetunl,

110 2328 134 2367 ,‚
166 2295 245 2378 quae
261 2274 393 2348 vallatis
422 2270 826 2356 urbibusmaricnufis,
858 2291 892 2348 et
915 2274 1039 2353 everlrs
1064 2276 1146 2353 Sar·

112 2441 135 2478 „
166 2386 259 2460 dinia
276 2406 316 2460 ac
333 2384 469 2478 Sicilia,
498 2384 532 2458 id
558 2385 627 2467 ert,
650 2383 820 2467 fiscalibus
842 2386 1004 2471 horreis,
1036 2404 1144 2486 atque

108 2552 132 2591 ,‚
162 2495 309 2580 abscillis
352 2495 449 2574 velut
492 2496 655 2576 uitalibus
699 2502 834 2584 venis,
900 2499 1052 2579 Africam
1092 2504 1146 2601 ip·

109 2664 132 2702 „
164 2608 254 2694 sain,
284 2606 319 2682 id
332 2608 398 2692 est,
416 2605 510 2708 quafi
523 2613 678 2688 animam
692 2614 915 2706 captivavere
931 2612 1142 2710 reipublicae.

109 2775 133 2814 ,‚
163 2718 320 2819 Ecquid!
349 2719 506 2817 ingressis
524 2735 654 2801 tetram
682 2720 776 2800 illam
795 2723 964 2818 gentibus
987 2723 1143 2800 barbaris

108 2888 131 2925 ,‚
162 2833 304 2908 forlitan
322 2832 374 2907 vel
391 2850 489 2914 metu
506 2827 793 2915 uitiacellarunll
823 2829 991 2916 tlutficut
1005 2837 1147 2932 corrigi
1201 2886 1207 2890 -

108 2945 206 3041 „ad
238 2945 387 3044 praesens
413 2948 520 3022 etiam
544 2940 742 3041 nequillrmi
788 2946 923 3044 quique
955 2945 1143 3021 servorum

108 3112 132 3150 „
163 3047 299 3142 solent,
331 3056 539 3138 modestiam
567 3054 686 3130 laltem
712 3079 752 3132 ac
775 3057 993 3154 disciplinam
1025 3072 1144 3134 terror

106 3225 131 3262 ‚,
161 3167 330 3251 extorfitl
362 3167 456 3263 Quis
477 3168 646 3253 aestlmare
663 3166 734 3244 boc
752 3168 887 3249 malum
907 3167 1035 3267 polilt?
1062 3169 1143 3247 Cir·

104 3338 130 3374 „
158 3279 417 3364 cuntionabant
434 3283 540 3356 atnris
560 3303 685 3355 muros
703 3279 831 3364 Cirtae,
863 3297 970 3380 atque
992 3281 1144 3362 Cartha·

107 3449 131 3486 „
161 3396 254 3491 ginis
273 3392 401 3492 populi
438 3394 695 3479 barbarorum,
725 3408 760 3469 et
790 3391 931 3485 ecclelia
956 3392 1146 3492 Cartbagi-
1244 3470 1247 3477 ,

106 3562 129 3597 ,,
158 3504 271 3601 nerrfis
290 3505 482 3587 insaniebat
510 3507 544 3577 in
566 3507 689 3590 circis,
721 3504 922 3580 luxuriabat
941 3508 975 3578 in
997 3506 1143 3581 theatris

105 3673 129 3711 „
162 3619 222 3702 &c
238 3673 269 3708 ,‚.
330 3616 449 3716 lpl'um
472 3618 542 3694 boc
560 3617 591 3697 S.
608 3617 827 3712 Augustinus
848 3617 891 3692 de
912 3616 1086 3700 Romanis
1106 3621 1143 3695 in

105 3729 263 3811 Africam
300 3731 383 3829 poll
411 3744 550 3827 captam
588 3729 711 3808 urbem
755 3729 918 3827 profugis
959 3731 1144 3830 perhibet,

105 3897 129 3933 „
157 3843 260 3940 qnod
280 3846 295 3939 (
316 3839 391 3933 ait)
420 3840 629 3921 incredibile
646 3839 793 3916 forlitan
817 3845 901 3927 erit,
934 3840 957 3916 fr
978 3867 995 3917 a
1017 3843 1144 3918 nostris

105 4009 129 4049 ,‚
158 3955 308 4056 polletis
336 3955 531 4043 audietur,
561 3949 725 4029 Romana
756 3954 843 4030 urbe
874 3956 1021 4039 uastata,
1053 3976 1145 4053 quos
1197 4041 1200 4047 ¹

579 4061 670 4155 R4
934 4065 1091 4162 „mm
