2506 4958
250 233 402 308 regnum
421 206 550 306 coristi
562 214 602 289 in
616 215 735 292 terris.
756 154 785 293 e.
803 212 987 296 XXXIX.
1069 235 1145 314 365

108 396 166 454 au.
198 384 316 464 riti.
339 372 465 462 refert,
497 379 535 452 in
560 368 841 455 uniterlitatibue
862 378 921 457 seu
944 373 1063 458 lludiit
1087 405 1152 482 ge·

105 485 318 570 netralibus,
360 490 517 565 maxime
540 503 628 564 tero
656 487 833 567 Bononiae
862 492 1009 591 praelegi
1036 493 1150 582 iussit,

104 601 330 705 publiceque
353 596 445 675 illius
465 598 717 699 profeffionem
743 607 900 678 exerceri
926 628 944 678 a
968 606 1154 706 theologi.

108 738 149 792 ca
175 710 373 810 (maximo
398 712 581 813 utriusque
604 715 796 811 disciplinae
824 716 942 802 malo,
987 722 1037 793 rei
1058 719 1153 796 chri-¹

108 826 229 903 stianae
248 826 486 910 detrimento,
518 848 560 901 ac
583 826 846 924 irrecuperabili
871 826 1042 915 damno)
1063 847 1153 909 tunc

108 938 307 1036 distingui,
336 958 378 1012 ac
402 934 543 1012 seorfinr
572 940 607 1012 in
631 936 758 1013 scholis
783 937 873 1014 tradi
894 955 1077 1038 coeptam,
1110 959 1152 1021 ut

109 1048 253 1129 Bulaeus
272 1046 453 1125 observat:
504 1052 564 1149 qui
598 1051 761 1149 „itaque
791 1048 983 1159 (subdit)
1014 1068 1151 1132 veteres

108 1218 131 1255 „
160 1159 330 1259 theologi
348 1176 427 1237 tum
448 1160 522 1237 fere
540 1160 731 1238 decretistae
745 1161 822 1237 iasii
846 1162 949 1240 sunt:
980 1163 1031 1243 illi
1048 1188 1148 1255 veru,

109 1319 133 1367 „
163 1274 294 1376 quihus
315 1271 450 1371 placuit
476 1273 663 1372 theologia
687 1273 907 1361 scholastica,
938 1292 974 1352 et
994 1277 1152 1377 disputa-

109 1432 133 1479 „
161 1389 252 1474 trix,
284 1383 433 1484 speciale
460 1386 614 1462 studium
644 1388 680 1461 in
707 1411 746 1463 ea
772 1385 1023 1475 collocarunt,
1056 1390 1151 1468 seve·

112 1543 135 1591 „
166 1496 283 1598 risque
298 1497 503 1574 trattatibus
522 1497 738 1596 theologicis
758 1501 965 1577 innumeras
987 1504 1151 1601 quellio·

111 1667 135 1703 „
166 1634 251 1695 nee,
281 1626 383 1686 antea
404 1633 479 1685 non
501 1610 656 1695 auditas,
697 1625 829 1711 etque
849 1610 1026 1714 plerisque
1054 1616 1151 1691 vide·

110 1770 133 1816 „
164 1725 295 1797 bantur
317 1722 483 1808 'inutilem
515 1722 848 1815 interseruerunt„

197 1884 306 1959 Addit
323 1885 416 1959 idem
439 1880 594 1969 Bulaeus,
625 1880 755 1959 eodem
774 1898 939 1982 tempore
957 1886 1041 1962 luris
1060 1889 1150 1964 utri-

110 1995 223 2096 usque
257 1994 476 2095 disciplinam
504 1998 539 2070 in
569 1992 698 2070 scholis
717 1983 962 2073 Parisienfibus
987 2002 1148 2074 exerceri

111 2105 259 2207 coepilse
273 2124 447 2205 regnante
462 2102 656 2186 Ludovico
669 2103 750 2184 Vll.
771 2109 861 2184 circa
878 2131 1013 2184 anuum
1032 2130 1146 2201 1150,

110 2221 289 2321 affertque
305 2218 356 2296 lo.
391 2217 651 2296 Sarisberienlis
677 2219 922 2297 testimonium
945 2221 1035 2321 (qui
1056 2221 1150 2297 duo-

111 2335 231 2410 decim
250 2357 363 2407 annos
379 2334 414 2405 in
436 2331 562 2407 scholis
584 2328 829 2409 Parisiensrb'us
849 2322 1070 2422 consumsit)
1099 2348 1148 2408 etr

111 2449 174 2522 lib.
190 2443 232 2521 ll.
253 2431 491 2541 h‘letalogici‚
516 2446 574 2520 ubi
592 2463 661 2520 tres
679 2459 769 2519 artes
786 2446 1034 2543 distinguens,
1068 2445 1149 2546 post

112 2562 266 2658 primam
283 2544 491 2640 militarem,
514 2575 548 2630 et
566 2555 753 2630 secundam
775 2556 1042 2642 medicinalem,
1073 2569 1151 2631 ter-

111 2674 187 2753 tia,
225 2667 361 2752 subdit,
394 2671 485 2741 iuris
515 2665 633 2740 civilis
656 2674 689 2740 ei
710 2666 942 2741 Dertetorum
976 2679 1008 2741 et
1038 2672 1146 2744 ratius

114 2768 240 2857 Ethitae
261 2777 507 2875 obsessionem
537 2775 703 2871 absolvat.
741 2777 954 2874 Superaddit
982 2795 1019 2853 et
1053 2775 1147 2855 Petri

113 2890 276 2971 Blesensts
289 2891 516 2968 conformem
534 2876 799 2988 responsionem
813 2891 909 2987 epist.
929 2900 985 2964 16.
999 2890 1044 2966 ad
1058 2894 1147 2964 anii-

111 3029 197 3081 cum
219 3006 411 3104 quemdam
432 3006 513 3078 iuris
529 3004 693 3078 canonici
724 3003 937 3086 studiosum,
962 3024 1071 3101 aquo
1088 3022 1149 3078 to

113 3136 217 3216 gatus
230 3117 362 3203 suerat,
379 3132 417 3193 ut
430 3119 461 3190 ei
479 3112 669 3191 nonnullas
684 3116 894 3215 questiones
906 3116 1092 3191 enodaret.

199 3277 342 3356 Abhinc
363 3276 545 3354 curiositas
576 3278 631 3353 illa
654 3275 998 3377 contentiositasque
1024 3299 1069 3350 ex
1090 3298 1149 3353 ca·

112 3391 249 3467 thedris
276 3392 506 3475 academicis,
550 3414 590 3464 ac
624 3390 824 3465 scholarum
848 3389 995 3490 pulpitis
1032 3391 1069 3467 in
1089 3388 1150 3464 so-

112 3522 193 3580 turn
223 3523 297 3578 non
319 3503 601 3586 civiletantuin,
652 3501 708 3575 sed
737 3506 842 3575 eriam
877 3500 1147 3578 ecclellallicum

113 3617 283 3706 devenit3
316 3615 471 3691 etesium
499 3615 547 3686 eli
576 3614 696 3688 sorum
716 3613 931 3709 litigiosum,
964 3611 1146 3689 theatrum

113 3728 418 3825 praetenllonunr:
460 3725 620 3802 confusae
640 3727 720 3802 l'unt
746 3730 833 3800 iuris
859 3733 1046 3826 utriusque
1072 3725 1148 3802 fot·

111 3842 221 3914 mulae
246 3863 289 3913 ex
314 3839 510 3916 coniuntlo
540 3843 726 3938 utriusque
748 3838 883 3924 lludi0,
906 3837 1148 3938 adoptataque
1226 3926 1231 3943 ,

112 3955 215 4052 praxi
239 3975 312 4024 non
342 3954 377 4026 in
411 3949 538 4026 scholis
567 3965 736 4041 tanturn,
760 3952 839 4027 rl'ed
867 3954 973 4029 etiam
994 3954 1033 4024 iri
1059 3948 1147 4025 foria

980 4060 1095 4139 eccle·
