2506 4958
120 206 132 219 “’
208 228 360 312 regnum
387 205 517 302 christi
540 211 581 290 in
597 175 720 289 terris.
742 178 771 291 c.
788 139 965 292 ΧὶιζΡΙῙ.ἱ
1021 235 1101 308 231

58 435 87 478 4,
115 391 153 457 et
172 377 328 455 docendi
343 377 471 453 nostris
490 397 725 453 communem
753 375 854 453 usum
875 376 1000 455 loliani
1021 379 1104 479 lege
1193 432 1194 435 a

60 550 86 588 „
117 496 286 591 proxima
315 490 563 588 denegarunt:
594 504 630 565 et
661 488 846 587 privilegia
878 489 935 568 illa
968 493 1100 593 quibus

56 662 83 701 „
113 605 203 703 sape
229 604 367 700 decepti
381 601 460 678 sunt
473 604 580 677 etiam
601 601 788 680 christiani.
816 659 838 695 „
867 601 1038 704 Sequitur
1057 602 1097 695 a)

62 716 136 818 ipsa
149 714 355 816 Symmachi
371 714 523 814 prafeili
539 712 675 790 senatus
691 717 840 791 nomine
850 714 894 791 ad
905 718 1102 814 imperato-

62 853 142 906 rem
160 828 247 903 sasla
269 827 418 913 relatio,
438 829 473 901 in
496 849 566 925 qua
589 825 684 902 haud
705 842 870 914 veretur,
899 850 1101 927 provocare

59 942 107 1020 ad
123 944 261 1040 priores
289 943 523 1038 imperatores
538 938 725 1025 ethnicos,
748 941 960 1038 proximum
987 944 1096 1020 etiarn

61 1053 259 1139 lulianum,
279 1049 571 1127 Valentinianum
590 1073 738 1150 quoque
755 1050 941 1127 seniorem.
969 1108 992 1145 ‚,
1026 1052 1099 1131 Re.
1183 1055 1189 1065 '

59 1223 85 1261 υ
116 1168 271 1265 petimus
290 1169 306 1258 (
322 1167 439 1263 inquit
453 1159 471 1250 )
487 1165 597 1261 igitur
615 1161 833 1260 religionum
852 1165 1000 1251 ilatum,
1030 1157 1113 1266 qui
1227 1160 1248 1175 ''

58 1336 84 1373 „
113 1277 319 1376 reipublice
333 1276 393 1351 diu
411 1274 558 1373 profuit.
617 1272 726 1352 Certe
741 1289 977 1354 numerentur
997 1279 1099 1375 prin·

59 1448 86 1485 ‚‚
116 1393 213 1488 cipes
244 1391 431 1487 utriusque
470 1384 599 1474 selle,
661 1389 849 1490 utriusque
879 1387 1094 1465 sententiaa:

58 1560 85 1597 „
116 1503 306 1601 proximus
324 1523 454 1575 eorum
470 1505 486 1594 (
500 1498 659 1576 lulianus
676 1496 934 1586 >ceremonias
953 1516 1098 1600 patrum

60 1671 87 1709 ,‚
117 1613 251 1699 coluit,
282 1615 462 1688 recentior
482 1608 818 1706 (Valentinianus)
835 1638 909 1689 non
929 1616 1097 1692 removit.

58 1783 85 1821 „
117 1725 153 1802 Si
183 1724 391 1824 exemplum
423 1747 501 1798 non
533 1723 602 1801 suit
622 1724 750 1823 religio
778 1740 961 1812 ueterum,
995 1723 1099 1805 facias

59 1896 86 1933 ,‚
119 1835 344 1914 diffimulatio
365 1837 636 1935 proximorum.
655 1891 677 1927 „
722 1836 795 1913 Ubi
829 1833 934 1913 simul
962 1834 1097 1915 Valens
1239 1896 1246 1908 .

61 1955 173 2028 etiam
194 1951 427 2047 indigitatur3
445 1971 553 2047 quem
569 1947 659 2022 ultra
678 1944 991 2022 dissimulationem
1013 1971 1101 2048 pro.

63 2059 193 2139 ceffisse
211 2066 278 2138 iarn
292 2062 517 2152 notavimus;
538 2057 730 2135 Zenonem
747 2061 833 2135 item
852 2057 1015 2135 adfinem
1031 2060 1097 2138 sec.
1210 2144 1213 2151 ,

63 2173 114 2251 V.
146 2174 292 2251 oracula
320 2171 569 2263 consulentem
588 2170 778 2267 gentilium
805 2173 875 2248 iam
903 2195 968 2271 per
985 2171 1121 2258 secula.

60 2301 176 2364 muta.
235 2265 460 2583 Relgonem
477 2283 684 2382 Symmachi
707 2282 801 2381 apud
816 2285 850 2361 8.
868 2282 1100 2361 Ambrofium

63 2400 226 2498 sequitur
256 2422 290 2472 m
373 2396 416 2471 ad
438 2420 515 2471 eam
544 2395 578 2472 8.
608 2392 785 2472 Ambrosii
814 2395 1023 2496 responsro;
1054 2397 1100 2474 do

64 2535 139 2612 qua
158 2535 195 2586 re
216 2513 306 2586 iteru
361 2512 478 2607 agitur
496 2512 531 2583 in
550 2507 695 2613 epistola
718 2507 752 2585 8.
770 2508 945 2585 Ambrofii
967 2508 1009 2586 ad
1027 2500 1101 2587 Eu·

63 2626 216 2722 genium
231 2622 330 2697 illum
345 2619 846 2719 quondamGrammaticum,
863 2643 970 2718 quem
983 2621 1101 2697 Arbo·
1220 2716 1226 2723 .

64 2735 181 2832 gustes
198 2732 440 2810 Valentiniani
465 2730 638 2830 parricida
654 2755 809 2831 purpura
832 2733 969 2807 induit:
998 2736 1100 2831 isque
1121 2816 1126 2841 ἱ
1217 2727 1219 2731 ’

63 2853 131 2941 (ut
153 2848 257 2921 etiam
281 2870 335 2921 an.
369 2857 461 2934 388·
496 2842 704 2928 Maximus,
735 2839 779 2916 ad
803 2866 912 2942 quem
933 2841 1099 2943 suscepte

66 2958 262 3056 legationis
297 2958 363 3034 suae
386 2960 561 3031 rationem
584 2954 701 3030 reddit
730 2953 764 3030 S.
807 2951 1016 3032 Ambrosius
1040 2954 1098 3038 cl.

65 3069 94 3149 l.
123 3095 180 3169 ep.
200 3090 263 3162 ας.
287 3083 388 3168 capta
405 3067 542 3155 Roma,
562 3067 605 3142 ad
621 3066 830 3166 captandam
843 3070 974 3145 civium
993 3067 1102 3144 bene.

65 3183 264 3259 volentiam
286 3177 535 3268 iecerat)cum
550 3181 603 3255 bis
615 3178 805 3277 gentilium
827 3203 949 3277 preces
965 3175 1107 3255 resecis-a

66 3294 143 3381 set,
176 3294 319 3370 tandem
345 3297 453 3369 tertio
479 3291 722 3391 interpellatus
757 3317 808 3386 „a
826 3290 993 3368 Flaviano
1012 3312 1104 3392 prae-

66 3462 90 3501 „
121 3407 213 3484 fello
250 3420 285 3483 et
309 3404 507 3504 Arbogaste
542 3407 678 3482 comite
708 3428 802 3481 aram
832 3394 1025 3489 Villoriae.
1064 3418 1101 3481 et

67 3575 91 3613 ,‚
120 3518 255 3598 sumtus
279 3521 586 3603 ceremoniarum,
618 3515 752 3592 oblitus
777 3514 859 3591 fidel
889 3515 976 3602 sue,
1011 3536 1097 3591 con.

68 3687 91 3724 ‚,
121 3629 240 3715 cessit,
260 3688 281 3724 ,‚
312 3643 352 3708 ut
372 3628 541 3707 Paulinus
557 3631 592 3703 in
614 3631 684 3704 vita
719 3628 753 3706 S.
787 3626 961 3704 Ambrolri
985 3625 1104 3727 loqui.

69 3758 153 3829 tur,
179 3760 215 3820 et
231 3742 264 3818 S.
286 3740 493 3820 Ambrosius
516 3738 554 3830 l>
572 3743 607 3815 in
623 3739 719 3840 epist.
739 3761 799 3833 57.
812 3739 866 3817 Cl.
884 3738 908 3814 l.
932 3739 992 3816 ubi
1007 3740 1105 3841 pull·

70 3877 178 3956 quam
210 3852 547 3940 commemorasset,
580 3848 749 3932 incassum
786 3853 999 3953 petitionem
1022 3874 1106 3927 ean-

539 3963 625 4057 P4
964 3962 1048 4040 dem
1183 4000 1185 4005 ·

114 4071 152 4151 a>
172 4091 202 4152 p.
229 4083 299 4146 828.
365 4075 402 4153 s)
421 4070 456 4137 T.
481 4068 519 4134 ll.
543 4087 573 4148 p.
600 4084 695 4135 retra·
