2506 4958
233 259 387 338 regnum
418 227 549 329 Chrillt'
563 235 605 315 in
628 236 751 317 terris.
771 257 801 316 r.
820 182 943 319 XLII.
1057 256 1109 335 32

64 398 241 483 revocat'
285 399 540 480 Nihilominus
572 398 662 479 dum
688 396 944 499 sigismundus
973 398 1113 483 Bafileae

62 515 190 604 adest,
238 510 279 590 fit
299 511 548 591 reconciliatio
575 534 618 590 ea
647 510 888 602 conditione,
917 528 960 593 ut
984 516 1111 596 omniu

61 641 195 709 contra
225 622 433 724 Eugenium
455 638 494 701 et
520 622 715 703 cardinales
736 621 780 704 R.
798 620 838 703 t.
853 623 1017 725 pontifici
1044 626 1111 705 ad·

61 740 241 827 haerentes
260 739 404 815 decreta
433 750 709 827 revocarentur,
738 735 992 838 pontificisque
1017 760 1111 839 prn-
1207 766 1220 791 .

61 852 155 932 {ides
183 850 474 929 admitterentur.
532 846 676 927 Fadum
702 847 740 925 id
776 846 847 925 sels.
878 844 986 927 XlV.
1017 850 1110 933 dom

64 986 159 1043 mox
179 962 340 1063 sequenti
374 962 570 1062 quotannis
601 959 800 1038 concilium
833 960 1109 1053 dioecesanum,

64 1092 103 1156 et
119 1074 268 1174 lingulis
285 1074 449 1151 trienniis
470 1070 695 1177 provinciale
713 1070 971 1151 celebrandum
988 1073 1113 1154 llatul·

62 1203 149 1269 tur:
178 1201 287 1288 atque
307 1186 451 1263 interim
473 1187 569 1262 vices
589 1180 763 1287 epilcopo
782 1182 987 1264 Tarentino
1003 1208 1111 1265 cour-

63 1302 263 1377 mittuntur
288 1299 333 1375 ab
355 1293 547 1399 Eugenio‚
593 1296 819 1398 usquedum
844 1295 955 1397 legati
984 1298 1110 1399 ponti-

61 1413 135 1491 ficii
165 1408 409 1499 advenirent,
454 1409 555 1510 quod
593 1408 775 1511 frequenti
802 1405 949 1489 leffioue
978 1406 1109 1491 XVII.

62 1523 236 1626 praelsnte
264 1521 503 1620 sigismundo
535 1524 625 1623 imp.
657 1523 852 1622 multisque
881 1523 1110 1623 principibus

61 1637 232 1735 contigit.
292 1634 339 1713 tlt
359 1634 447 1713 dum
482 1658 560 1713 non
592 1632 710 1741 solum
735 1655 826 1710 mox
860 1630 1023 1732 sequenti
1042 1631 1111 1714 sel·

61 1746 165 1827 {ioue
190 1743 334 1826 XVlll.
367 1749 498 1823 iterum
518 1745 660 1822 decreta
679 1742 750 1821 leil.
783 1740 849 1820 lv.
880 1759 917 1821 et
937 1745 984 1824 V.
1014 1769 1109 1824 con.

63 1860 136 1939 cilii
189 1856 499 1946 Constantienlrs.
545 1855 707 1933 frustrata
742 1851 924 1956 pontificii
954 1854 1110 1958 prandii

61 1972 302 2055 audioritate,
330 1969 621 2055 innovarentur.
665 1966 920 2067 proximisque
948 1965 1108 2046 sellioni·

61 2086 131 2163 bus
163 2085 199 2157 in
225 2080 471 2179 praeiudicium
488 2076 533 2157 R.
558 2076 594 2157 S.
624 2102 732 2179 agere
752 2092 966 2180 pergerent.
995 2102 1037 2157 ea
1056 2078 1107 2159 do

61 2221 103 2274 re
126 2192 292 2293 pontifex
318 2215 382 2292 per
402 2190 543 2293 legatos
572 2189 693 2271 Patres
718 2204 876 2281 monet.
904 2213 947 2271 ac
973 2193 1019 2271 ab
1036 2190 1111 2289 illis

61 2303 210 2385 vicillrm
237 2319 433 2393 monetur.
463 2318 505 2383 ut
522 2319 698 2393 revocet.
727 2327 809 2406 quae
824 2317 955 2383 contra
977 2305 1108 2383 conci·

62 2419 103 2496 lii
122 2418 264 2495 decreta
282 2415 428 2516 egillet3
456 2414 631 2517 sumulque
646 2432 793 2497 annatas
815 2440 885 2518 pro
908 2415 1107 2497 beneficio·

62 2553 144 2606 rum
163 2528 382 2616 collatione,
411 2529 629 2606 eletlionum
648 2528 948 2618 confirmatione,
977 2530 1105 2630 postu·

61 2642 240 2720 lationum
270 2637 480 2718 admiffione
511 2655 575 2717 aut
604 2639 881 2738 praelentatiooe
909 2640 1006 2718 datas
1024 2657 1106 2721 tan·

60 2778 173 2855 quam
203 2750 412 2829 limoniacas
442 2748 735 2850 reprehendunt.
765 2753 1033 2854 abrogantque.

144 2911 248 2992 Dum
274 2912 417 2987 interim
453 2906 648 3011 pontifex,
682 2926 792 3014 atque
811 2902 877 3015 ipli
904 2911 1011 2992 etiam
1037 2904 1106 2994 Ba·

60 3025 248 3112 srleenles.
277 3039 395 3123 agunt
421 3022 466 3099 de
487 3020 612 3101 Graeca
632 3022 846 3107 schismatica
868 3021 1028 3106 Ecclefiae
1044 3050 1105 3107 ca·

60 3140 205 3218 tholicae
223 3136 438 3220 munienda,
470 3139 661 3212 contentio
678 3138 808 3216 iterum
826 3136 1019 3229 oboritur,
1047 3154 1104 3218 at·

61 3274 135 3352 que
152 3249 213 3351 ipfi
237 3246 444 3328 Balrleenles
463 3241 532 3324 seli
560 3244 693 3327 XXV.
737 3251 775 3325 in
805 3248 941 3327 diverla
968 3253 1105 3330 abeunt

62 3363 109 3440 de
132 3363 243 3447 loco.
273 3384 341 3460 pro
358 3358 484 3439 futuro
501 3360 689 3449 concilio.
720 3360 915 3461 eligendo,
941 3363 1017 3439 altis
1038 3359 1107 3439 Ba·

63 3473 202 3551 filseam
220 3491 282 3549 aut
295 3475 541 3558 Ascalonem,
572 3487 633 3551 aut
660 3472 814 3573 aliquam
828 3474 1011 3553 Sabaudiae
1040 3497 1103 3551 ur·

63 3587 169 3672 bem,
200 3588 326 3661 urbem
347 3582 450 3663 ltaliae
467 3581 686 3661 Florentiam
711 3586 766 3661 vel
780 3584 929 3663 Utinam
947 3589 1104 3663 statuen-

63 3699 161 3775 tibus
189 3693 288 3787 aliis;
328 3697 473 3775 lellrone
497 3693 648 3775 XXVI.
686 3720 751 3798 per
783 3698 997 3777 seditionem
1026 3696 1106 3777 duo

64 3807 128 3884 fibi
156 3813 334 3887 contraria
350 3833 390 3885 ea
410 3808 513 3885 dere
533 3808 693 3886 eduntur
713 3811 866 3889 decreta.
886 3809 992 3891 Hisce
1011 3832 1104 3909 prar-

63 3918 219 3996 fidentes
256 3942 394 4001 novum
421 3919 664 4015 addiderunt.
695 3921 982 4031 statueruntque.
1022 3920 1103 3999 bul·

64 4029 178 4114 Tou.
209 4029 254 4112 ll.
582 4032 617 4117 C
916 4062 921 4069 ·
970 4032 1045 4115 lant
