2506 4958
292 244 442 323 regnum
470 212 602 312 sbrilli
614 220 656 300 in
674 210 793 303 serrit.
814 247 843 304 c.
864 215 929 304 ult.
1054 214 1129 326 3³53

100 380 279 489 evangelii
310 387 374 464 lux
409 385 548 464 dudum
584 387 738 463 extintla
776 380 1132 489 zesingenne

82 502 208 580 sociis
237 504 368 576 iterum
386 496 529 575 accensa
554 494 651 586 suit)
674 496 760 574 fides
783 497 867 577 esset
893 492 985 578 illata
1005 522 1047 582 ac
1072 504 1133 582 fir.

82 614 197 693 inlata
218 616 255 686 in
276 607 439 697 Bavaria,
471 600 694 708 Thuringia,
724 600 863 697 Haut,
895 608 1014 706 Frisn3
1043 639 1133 717 open

82 740 179 804 nana
203 719 306 801 simul
330 715 597 798 conserentibus
617 723 652 798 ln
666 718 868 801 Occidente
892 718 974 823 ipss
1005 743 1133 806 mona-

82 837 214 915 taleriis
237 832 281 910 ad
304 837 490 932 paganicas
511 833 716 908 evertendas
741 831 925 932 reliquias,
956 840 1130 937 exemplo

82 946 154 1028 ΙΙ).
171 944 372 1030 Benedicti,
403 942 505 1021 lucos
524 942 734 1021 succidentis
748 952 773 1020 t·
803 947 890 1022 dum
917 947 993 1024 eius
1013 940 1074 1027 filii
1093 953 1132 1030 in

82 1057 197 1138 ‘siluis
214 1065 251 1135 et
269 1056 500 1141 nemoribus,
553 1056 746 1133 montibus·
765 1069 801 1132 et
825 1048 975 1134 vallibus
1002 1079 1133 1140 mona.

82 1158 207 1248 incrta
226 1167 464 1252 exstruentes,
493 1162 608 1243 solunt
626 1167 731 1242 etiam
755 1166 922 1246 excolere
937 1165 1133 1269 prasertim

82 1283 144 1359 lin
180 1276 374 1356 Germania
400 1279 487 1353 totiu
521 1266 656 1354 viribus
683 1278 946 1368 allabuturunt,
1002 1275 1144 1382 lnfignl'

102 1391 316 1492 cumprimis
336 1389 369 1467 S.
389 1376 568 1475 St'urmil.
598 1392 673 1467 eius
691 1392 741 1468 rel
761 1393 873 1488 gratia
897 1412 962 1493 per
986 1385 1134 1472 Bucino-

82 1506 173 1580 .nlae
207 1497 426 1578 vastissimam
458 1497 688 1577 solitudinem
727 1498 1007 1581 asuonifano
1042 1505 1132 1585 milli

129 1612 278 1716 xempln
293 1612 392 1701 ¹leiiu
412 1605 616 1708 dignissimo
645 1610 682 1687 ln
701 1614 776 1689 eius
793 1615 861 1687 vita
884 1616 980 1714 apud
1000 1613 1134 1696 illabil-

102 1718 248 1819 ‚unium
263 1723 337 1802 Aa.
354 1722 414 1802 SS.
431 1718 523 1801 Ord.
537 1721 571 1798 S.
584 1719 713 1799 Bened.
726 1720 790 1798 sec.
803 1718 864 1800 lll.
881 1720 918 1800 P.
933 1720 974 1801 ll.
990 1746 1132 1826 p.·273.

82 1826 108 1915 .‘
124 1834 171 1913 lia
195 1835 239 1914 ad
266 1825 341 1912 rem
371 1831 545 1934 persecuti
574 1832 693 1912 sumus
719 1829 840 1931 palium
876 1836 915 1910 in
936 1830 1133 1918 Htsaurun

82 2008 122 2084 Ξ
146 1952 249 2025 rann
283 1963 402 2023 sinen
427 1942 584 2022 colonia
609 1941 686 2021 ord.
708 1943 744 2022 Se
765 1936 804 2022 B.
1001 1951 1006 1959 '

82 2090 114 2197 fi
133 2090 137 2099 ’
165 2106 239 2185 See
255 2098 324 2186 lX.
341 2101 407 2183 lux
420 2097 592 2204 evangelii
607 2103 652 2193 ad
668 2098 977 2204 septentrionalem
992 2105 1136 2209 plagam

105 2232 300 2322 peopagata
313 2218 456 2318 luitpet
467 2216 500 2309 S.
517 2215 748 2295 Anseharium
765 2221 921 2317 primum
934 2217 996 2296 sub
1008 2216 1137 2298 Ludo·

82 2335 190 2427 ffico
207 2334 269 2430 pio
285 2327 444 2418 inDania
461 2327 687 2426 apostolum
709 2340 745 2406 et
757 2327 839 2405 dein
852 2333 886 2405 in
898 2328 1022 2409 Suecia
1035 2331 1137 2408 alibi·

106 2443 233 2547 ¹puead
248 2441 529 2543 septentrionem
543 2443 729 2537 gentium,
742 2439 829 2516 dum
841 2442 946 2517 etiam
958 2463 1005 2521 ex
1017 2446 1137 2521 otien·

82 2552 169 2654 fall
187 2556 341 2652 imperio
361 2550 406 2628 ad
428 2549 598 2635 Sclaeoa,
643 2564 679 2625 et
705 2542 860 2636 Rullus.
900 2566 935 2627 et
957 2550 1135 2651 Bulgatoe

116 2664 336 2763 evangelium
364 2660 495 2740 Christi
518 2663 681 2760 pervenit
709 2659 772 2738 sub
797 2653 994 2738 Theodora
1022 2668 1138 2763 impe·

82 2748 257 2881 {patrica
287 2776 339 2851 uti
356 2775 472 2872 prius,
503 2768 605 2847 lrene
627 2773 748 2846 matris
765 2762 896 2847 leonis
909 2771 1137 2853 Constantini

82 2886 170 2992 ¹ilii
191 2907 318 2982 opera,
360 2872 542 2959 orientalis
571 2877 749 2967 Hemesa,
787 2905 895 2981 quam
916 2884 968 2981 ob
994 2885 1137 2964 cultum

82 2998 309 3106 ,maginem
329 2991 407 3072 Leo
428 2993 621 3079 isauricus,
665 3008 700 3070 et
721 2990 976 3071 Constantinus
991 2993 1139 3096 Copto·

82 3131 242 3219 „aymus
265 3107 512 3191 turbaverant,
544 3106 671 3181 unioni
685 3103 867 3183 catholicae
889 3103 1049 3184 Ecclesiae
1070 3107 1141 3186 suit

82 3222 296 3331 ⁵pellituta:
342 3218 463 3294 donec
485 3218 529 3290 ab
557 3239 597 3292 ea
620 3217 751 3294 iterum
790 3216 853 3293 sub
882 3215 1016 3295 Photio
1045 3216 1140 3297 scissa

82 3328 180 3441 J'uit
213 3329 276 3407 sec.
303 3326 371 3407 lX.
418 3321 600 3404 schismate
629 3326 771 3407 firmato
806 3327 927 3426 postea
966 3327 1028 3406 sub
1065 3321 1142 3409 Mi·

82 3440 233 3555 ghaele
263 3437 460 3519 Caerulatiu
482 3437 678 3537 patriarcha
706 3437 905 3538 Cpulitann
924 3438 1047 3516 medin
1073 3439 1141 3519 see

82 3547 182 3669 plis.
210 3572 286 3652 quo
311 3552 457 3628 ineunte
487 3546 674 3646 Hungatia
704 3548 749 3626 ad
785 3546 891 3626 iidem
916 3549 1144 3631 christianam

82 3661 182 3780 3³⁰st
200 3659 385 3749 conversa,
406 3660 443 3738 S.
454 3657 636 3759 Stephano
655 3683 756 3758 rege,
785 3660 1142 3761 persuasurum

82 3775 318 3894 Spaptizato,
342 3766 423 3871 ipso
444 3788 574 3870 agente
591 3771 809 3872 apostolum.
853 3773 913 3851 Sic
931 3774 1145 3874 'conpensu

109 3904 196 3966 ‘um
211 3884 281 3970 est,
309 3882 582 3987 restitutumque
607 3882 768 3963 Ecclesiae
780 3881 963 3967 catholica
979 3888 1015 3961 in
1035 3884 1147 3966 Occi·

82 3922 226 4132 :turs
255 3989 301 4074 11.
609 3988 645 4075 Z
962 3997 1090 4088 dente.
