2512 4620
417 206 812 295 PRAEFATIO.

57 338 64 485 i
105 363 284 478 apertius
306 358 551 460 declaravit,
583 363 725 452 videns
751 366 901 452 unimur
930 366 1130 453 decollare-

57 498 61 597 ς
99 503 180 563 rum
210 478 231 583 (
250 473 361 588 apud
379 477 421 564 S.
441 476 692 589 Cyprianum
717 476 866 589 legitur
883 476 932 560 de
951 479 1129 563 exhortu-

99 592 197 675 tiune
224 588 398 694 martyrii
418 613 457 673 n.
482 621 544 673 η.
567 586 643 674 Ed.
664 590 798 675 Oxon.
820 616 861 701 p.
884 622 975 694 127.
1004 588 1132 699 occiso-

100 701 212 803 rum)
227 717 377 811 propter
386 724 518 781 uuuteu
528 697 610 807 iesu
620 717 658 785 et
665 696 872 808 sermonem
888 703 985 796 Dei,
1003 701 1043 785 id
1060 703 1132 801 est,

100 836 338 922 martyrum.
415 809 469 895 Et
500 836 606 905 cum,
646 814 780 924 pergit
808 812 847 897 S.
875 811 1131 923 Cyprianus,

97 925 223 1036 primo
245 923 321 1006 loco
331 917 500 1033 posurffet
523 917 675 1030 occiſsus,
701 921 876 1019 addidit,
901 921 1055 1016 diceus:
1080 926 1132 1011 Et

102 1036 343 1145 quicunque
361 1035 577 1146 imaginem
594 1034 724 1121 bestiae
741 1060 824 1119 non
843 1031 1133 1134 adoraverunt,

100 1171 179 1232 nec
206 1169 448 1256 occeperunt
473 1142 771 1257 inscriptionem
802 1148 842 1229 in
867 1139 1025 1244 fronte,
1063 1171 1133 1232 aut

101 1258 147 1343 in
168 1283 315 1344 manu:
352 1282 444 1367 quos
463 1256 656 1365 universos
680 1286 705 1339 u
717 1260 762 1363 Je
783 1258 824 1339 iu
846 1266 967 1339 eodem
988 1260 1064 1342 loco
1082 1259 1134 1341 si.

101 1374 186 1453 mul
204 1364 306 1474 visor
325 1368 538 1476 coniungit,
565 1387 604 1451 et
628 1366 749 1460 dicit:
795 1391 836 1450 et
858 1369 1066 1463 vixerunt,
1094 1393 1136 1454 et

101 1502 326 1591 regnarunt
346 1504 441 1564 cum
462 1477 634 1566 Christo.
698 1481 840 1566 Vivere
856 1505 1000 1576 omnes,
1027 1479 1134 1574 dicit,

101 1610 142 1676 er
165 1601 424 1698 regnaturum
452 1586 590 1693 Christo
619 1619 694 1674 non
725 1608 902 1685 tuntum,
934 1589 1006 1675 (ια’
1033 1589 1138 1698 occist

93 1697 276 1815 fuerint,
292 1697 366 1810 sed
382 1720 420 1783 et
436 1702 656 1814 quicumque
673 1704 715 1786 iu
724 1701 823 1800 fidei
832 1697 915 1809 fitae
923 1620 1137 1802 firmitate,

102 1832 145 1899 et
186 1812 264 1897 Dei
294 1814 425 1897 timore
457 1809 663 1922 perstantes
692 1816 889 1924 imaginem
918 1810 1034 1919 bediu
1063 1842 1138 1899 uon

104 1921 377 2018 admaturari,
404 1951 521 2036 neque
538 1922 592 2009 ud
601 1920 756 2037 funesta
774 1926 877 2022 eius,
903 1944 941 2011 er
950 1922 1138 2034 sacrilego

102 2034 232 2121 edictu
254 2031 511 2142 consenseriut.

164 2216 367 2301 Dicuntur
390 2237 486 2301 vero
505 2211 531 2297 Ι.
548 2240 582 2300 c.
602 2216 735 2328 Apoc.
759 2211 894 2300 vixiiie
916 2241 956 2301 et
976 2215 1138 2328 regnos-

107 2325 148 2414 se
167 2353 261 2410 cum
283 2324 442 2411 Christo
466 2328 563 2410 mille
582 2329 714 2417 aunis:
743 2327 856 2440 quod
874 2330 1040 2442 utique,
1070 2355 1136 2412 ex-

106 2437 230 2571 plosis
259 2436 536 2523 Chilinstarum
565 2439 754 2534 somniis,
796 2439 1031 2524 decivitate
1061 2442 1136 2525 Dei

108 2578 152 2635 tn
191 2548 271 2634 hoc
304 2574 533 2659 temporum
568 2551 686 2636 cursu
717 2549 1023 2663 intelligendum
1059 2554 1137 2651 est,

108 2688 236 2774 quam
253 2658 368 2745 conse
401 2685 520 2745 uetur
547 2661 638 2757 ilia,
666 2690 770 2775 qun,
797 2665 839 2744 in
864 2664 944 2748 vita
969 2686 1138 2758 uterne,

109 2773 217 2857 beati
234 2799 329 2857 cum
412 2774 504 2857 risto
523 2798 690 2879 regnant
707 2778 748 2858 in
766 2771 894 2869 coelis,
922 2772 1136 2886 aliquando

110 2886 233 2968 etiam
267 2911 361 2969 cum
389 2883 467 2968 suis
492 2884 731 2996 corporibus
766 2886 857 2996 post
882 2886 1139 2970 resurrectio·

110 3023 210 3084 nem
238 3018 492 3079 mortuorum
507 3021 519 3102 3
548 3024 570 3080 a
597 3023 677 3109 qua
703 2999 991 3082 resurrectione
1017 2996 1138 3108 penio

112 3109 205 3223 post
223 3106 428 3216 distinguit
445 3108 484 3192 S.
507 3106 672 3192 Ioannes
694 3110 1026 3196 resurrectionem
1053 3112 1140 3303 pri-

113 3245 250 3316 mam,
279 3220 501 3305 animarum
521 3217 684 3315 scilicet,
712 3245 758 3305 ut
775 3222 845 3308 lito
863 3221 953 3305 loco
974 3247 1050 3332 exp
1070 3234 1141 3305 ica-

114 3330 276 3424 bimus‚
297 3327 355 3413 .de
374 3357 452 3522 pua
475 3356 514 3414 v.
533 3332 573 3416 6.
600 3332 773 3426 Beatus,
799 3334 955 3445 inquit,
983 3331 1141 3439 etseme-

115 3464 206 3536 tus,
237 3441 303 3552 qui
330 3441 377 3523 ho
401 3459 438 3522 et
460 3461 604 3551 purtem
635 3444 676 3525 iu
702 3443 965 3637 rpsutrrectione
992 3447 1142 3554 primu:

116 3556 159 3640 t'n
190 3553 248 3634 his
271 3549 437 3659 secundo
457 3580 554 3634 mors
580 3582 655 3636 uon
678 3556 726 3638 hu
750 3577 787 3639 et
813 3552 1025 3667 potestatem
1040 3584 1054 3645 :
1072 3553 1145 3660 sed

116 3683 230 3747 eruut
234 3661 446 3770 fircerdorer
461 3665 536 3745 Dei
548 3684 585 3747 et
607 3664 757 3771 Christi,
775 3686 812 3749 et
830 3667 1041 3777 regnabunt
1060 3694 1142 3751 curu

119 3777 180 3863 t'llo
200 3777 296 3857 mille
324 3778 447 3859 anuis.
502 3778 714 3889 Tempore
747 3778 913 3906 quidem
937 3776 1145 3861 indefinito

118 3911 251 4003 usque
277 3883 326 3972 ad
343 3913 388 3974 ea
405 3912 494 3972 ante
515 3888 898 3989 consummationem
911 3889 1029 3977 {iculi
1046 3915 1125 3972 tem

599 4005 621 4055 ⁴
649 4029 677 4105 5
968 4029 1091 4116 pora,
1155 4065 1158 4071 .
