<?xml version="1.0" encoding="UTF-8"?>
<!DOCTYPE html PUBLIC "-//W3C//DTD XHTML 1.0 Transitional//EN"
    "http://www.w3.org/TR/xhtml1/DTD/xhtml1-transitional.dtd">
<html xmlns="http://www.w3.org/1999/xhtml" xml:lang="en" lang="en">
 <head>
  <title>
</title>
<meta http-equiv="Content-Type" content="text/html;charset=utf-8" />
  <meta name='ocr-system' content='tesseract 3.04.00' />
  <meta name='ocr-capabilities' content='ocr_page ocr_carea ocr_par ocr_line ocrx_word'/>
</head>
<body>
  <div class='ocr_page' id='page_1' title='image "./ecclesiamilitan01gerbgoog_0490.png"; bbox 0 0 2506 4958; ppageno 0'>
   <div class='ocr_carea' id='block_1_1' title="bbox 268 173 1225 310">
    <p class='ocr_par' dir='ltr' id='par_1_1' title="bbox 268 173 1225 310">
     <span class='ocr_line' id='line_1_1' title="bbox 268 173 1225 310; baseline 0.005 -22"><span class='ocrx_word' id='word_1_1' title='bbox 268 233 419 310; x_wconf 76' lang='lat' dir='ltr'>regnum</span> <span class='ocrx_word' id='word_1_2' title='bbox 439 180 569 302; x_wconf 74' lang='lat' dir='ltr'>Christi</span> <span class='ocrx_word' id='word_1_3' title='bbox 587 173 765 299; x_wconf 69' lang='lat' dir='ltr'>interris.</span> <span class='ocrx_word' id='word_1_4' title='bbox 783 232 811 288; x_wconf 88' lang='lat' dir='ltr'>c.</span> <span class='ocrx_word' id='word_1_5' title='bbox 827 207 966 290; x_wconf 75' lang='lat' dir='ltr'>XLIV.</span> <span class='ocrx_word' id='word_1_6' title='bbox 1069 233 1145 305; x_wconf 84' lang='lat'>105</span> <span class='ocrx_word' id='word_1_7' title='bbox 1223 222 1225 226; x_wconf 69' lang='grc'><strong>“</strong></span> 
     </span>
    </p>
   </div>
   <div class='ocr_carea' id='block_1_2' title="bbox 74 371 1240 3378">
    <p class='ocr_par' dir='ltr' id='par_1_2' title="bbox 74 371 1240 3378">
     <span class='ocr_line' id='line_1_2' title="bbox 107 371 1149 477; baseline 0.003 -27"><span class='ocrx_word' id='word_1_8' title='bbox 107 396 182 477; x_wconf 85' lang='lat' dir='ltr'>prae</span> <span class='ocrx_word' id='word_1_9' title='bbox 207 374 325 452; x_wconf 89' lang='lat' dir='ltr'>oculis</span> <span class='ocrx_word' id='word_1_10' title='bbox 340 373 514 458; x_wconf 83' lang='lat' dir='ltr'>habens,</span> <span class='ocrx_word' id='word_1_11' title='bbox 549 396 678 473; x_wconf 89' lang='lat' dir='ltr'>parum</span> <span class='ocrx_word' id='word_1_12' title='bbox 703 395 781 449; x_wconf 88' lang='lat' dir='ltr'>eam</span> <span class='ocrx_word' id='word_1_13' title='bbox 810 371 1006 453; x_wconf 77' lang='lat' dir='ltr'>Gallorum</span> <span class='ocrx_word' id='word_1_14' title='bbox 1038 374 1149 453; x_wconf 79' lang='lat' dir='ltr'>refer·</span> 
     </span>
     <span class='ocr_line' id='line_1_3' title="bbox 107 480 1149 585; baseline 0.003 -22"><span class='ocrx_word' id='word_1_15' title='bbox 107 511 146 564; x_wconf 92' lang='lat' dir='ltr'>re</span> <span class='ocrx_word' id='word_1_16' title='bbox 164 485 316 564; x_wconf 82' lang='lat' dir='ltr'>fatetur:</span> <span class='ocrx_word' id='word_1_17' title='bbox 346 488 465 585; x_wconf 86' lang='lat' dir='ltr'>„qui‚</span> <span class='ocrx_word' id='word_1_18' title='bbox 489 488 559 580; x_wconf 87' lang='lat' dir='ltr'>(ut</span> <span class='ocrx_word' id='word_1_19' title='bbox 577 480 669 572; x_wconf 90' lang='lat' dir='ltr'>ait‚)</span> <span class='ocrx_word' id='word_1_20' title='bbox 697 485 879 564; x_wconf 81' lang='lat' dir='ltr'>libertates</span> <span class='ocrx_word' id='word_1_21' title='bbox 904 485 1053 585; x_wconf 82' lang='lat' dir='ltr'>perinde</span> <span class='ocrx_word' id='word_1_22' title='bbox 1068 500 1149 566; x_wconf 78' lang='lat' dir='ltr'>tue·</span> 
     </span>
     <span class='ocr_line' id='line_1_4' title="bbox 74 594 1148 705; baseline 0 -31"><span class='ocrx_word' id='word_1_23' title='bbox 74 632 78 639; x_wconf 54' lang='lat'><strong><em>¹</em></strong></span> <span class='ocrx_word' id='word_1_24' title='bbox 106 656 129 694; x_wconf 87' lang='lat'>„</span> <span class='ocrx_word' id='word_1_25' title='bbox 160 621 268 684; x_wconf 86' lang='lat' dir='ltr'>mur,</span> <span class='ocrx_word' id='word_1_26' title='bbox 299 594 384 673; x_wconf 84' lang='lat' dir='ltr'>lide</span> <span class='ocrx_word' id='word_1_27' title='bbox 406 595 552 678; x_wconf 88' lang='lat' dir='ltr'>concilii</span> <span class='ocrx_word' id='word_1_28' title='bbox 569 594 748 693; x_wconf 88' lang='lat' dir='ltr'>generalis</span> <span class='ocrx_word' id='word_1_29' title='bbox 777 600 882 676; x_wconf 87' lang='lat' dir='ltr'>novis</span> <span class='ocrx_word' id='word_1_30' title='bbox 898 595 1072 686; x_wconf 84' lang='lat' dir='ltr'>decretis,</span> <span class='ocrx_word' id='word_1_31' title='bbox 1104 623 1148 705; x_wconf 85' lang='lat' dir='ltr'>ac</span> 
     </span>
     <span class='ocr_line' id='line_1_5' title="bbox 104 706 1146 810; baseline 0.005 -25"><span class='ocrx_word' id='word_1_32' title='bbox 104 768 129 804; x_wconf 83' lang='lat'>„</span> <span class='ocrx_word' id='word_1_33' title='bbox 159 709 246 785; x_wconf 84' lang='lat' dir='ltr'>fide</span> <span class='ocrx_word' id='word_1_34' title='bbox 268 707 423 784; x_wconf 86' lang='lat' dir='ltr'>Romani</span> <span class='ocrx_word' id='word_1_35' title='bbox 451 706 633 807; x_wconf 87' lang='lat' dir='ltr'>pontilicis</span> <span class='ocrx_word' id='word_1_36' title='bbox 661 709 983 787; x_wconf 81' lang='lat' dir='ltr'>constitutionibus</span> <span class='ocrx_word' id='word_1_37' title='bbox 1007 725 1146 810; x_wconf 83' lang='lat' dir='ltr'>agatur.</span> 
     </span>
     <span class='ocr_line' id='line_1_6' title="bbox 106 821 1150 918; baseline 0.008 -22"><span class='ocrx_word' id='word_1_38' title='bbox 106 881 130 915; x_wconf 85' lang='lat'>„</span> <span class='ocrx_word' id='word_1_39' title='bbox 160 821 263 914; x_wconf 88' lang='lat' dir='ltr'>Quin</span> <span class='ocrx_word' id='word_1_40' title='bbox 282 824 399 897; x_wconf 84' lang='lat' dir='ltr'>etiam</span> <span class='ocrx_word' id='word_1_41' title='bbox 412 837 577 918; x_wconf 88' lang='lat' dir='ltr'>receptos</span> <span class='ocrx_word' id='word_1_42' title='bbox 594 842 714 896; x_wconf 86' lang='lat' dir='ltr'>mores</span> <span class='ocrx_word' id='word_1_43' title='bbox 734 839 771 897; x_wconf 87' lang='lat' dir='ltr'>et</span> <span class='ocrx_word' id='word_1_44' title='bbox 787 822 1066 900; x_wconf 82' lang='lat' dir='ltr'>eonsuetudines</span> <span class='ocrx_word' id='word_1_45' title='bbox 1090 846 1150 904; x_wconf 80' lang='lat' dir='ltr'>ec·</span> 
     </span>
     <span class='ocr_line' id='line_1_7' title="bbox 107 929 1148 1027; baseline 0.002 -17"><span class='ocrx_word' id='word_1_46' title='bbox 107 992 131 1027; x_wconf 80' lang='grc'>,,</span> <span class='ocrx_word' id='word_1_47' title='bbox 161 930 269 1010; x_wconf 84' lang='lat' dir='ltr'>clefiae</span> <span class='ocrx_word' id='word_1_48' title='bbox 290 930 484 1011; x_wconf 67' lang='lat' dir='ltr'>Gallicanae</span> <span class='ocrx_word' id='word_1_49' title='bbox 502 932 627 1008; x_wconf 88' lang='lat' dir='ltr'>nostro</span> <span class='ocrx_word' id='word_1_50' title='bbox 648 929 724 1009; x_wconf 82' lang='lat' dir='ltr'>usui</span> <span class='ocrx_word' id='word_1_51' title='bbox 741 934 958 1010; x_wconf 86' lang='lat' dir='ltr'>commodas</span> <span class='ocrx_word' id='word_1_52' title='bbox 981 935 1073 1013; x_wconf 90' lang='lat' dir='ltr'>adeo</span> <span class='ocrx_word' id='word_1_53' title='bbox 1093 959 1148 1012; x_wconf 81' lang='lat' dir='ltr'>re·</span> 
     </span>
     <span class='ocr_line' id='line_1_8' title="bbox 107 1041 1145 1150; baseline 0.003 -28"><span class='ocrx_word' id='word_1_54' title='bbox 107 1103 130 1139; x_wconf 84' lang='lat'>‚‚</span> <span class='ocrx_word' id='word_1_55' title='bbox 161 1051 340 1130; x_wconf 81' lang='lat' dir='ltr'>sinemus,</span> <span class='ocrx_word' id='word_1_56' title='bbox 371 1060 430 1150; x_wconf 88' lang='lat' dir='ltr'>ut,</span> <span class='ocrx_word' id='word_1_57' title='bbox 467 1041 530 1121; x_wconf 85' lang='lat' dir='ltr'>etlr</span> <span class='ocrx_word' id='word_1_58' title='bbox 556 1044 697 1120; x_wconf 63' lang='lat' dir='ltr'>unone</span> <span class='ocrx_word' id='word_1_59' title='bbox 725 1043 872 1125; x_wconf 89' lang='lat' dir='ltr'>concilii</span> <span class='ocrx_word' id='word_1_60' title='bbox 892 1046 1070 1145; x_wconf 85' lang='lat' dir='ltr'>generalis</span> <span class='ocrx_word' id='word_1_61' title='bbox 1086 1043 1145 1125; x_wconf 79' lang='lat' dir='ltr'>de·</span> 
     </span>
     <span class='ocr_line' id='line_1_9' title="bbox 105 1153 1146 1256; baseline 0.005 -25"><span class='ocrx_word' id='word_1_62' title='bbox 105 1216 129 1251; x_wconf 87' lang='lat'>‚,</span> <span class='ocrx_word' id='word_1_63' title='bbox 160 1159 369 1242; x_wconf 73' lang='lat' dir='ltr'>(tucamur,</span> <span class='ocrx_word' id='word_1_64' title='bbox 399 1179 476 1256; x_wconf 88' lang='lat' dir='ltr'>quo</span> <span class='ocrx_word' id='word_1_65' title='bbox 499 1154 567 1233; x_wconf 85' lang='lat' dir='ltr'>illae</span> <span class='ocrx_word' id='word_1_66' title='bbox 592 1153 739 1237; x_wconf 77' lang='lat' dir='ltr'>firmata</span> <span class='ocrx_word' id='word_1_67' title='bbox 768 1153 859 1243; x_wconf 87' lang='lat' dir='ltr'>lint,</span> <span class='ocrx_word' id='word_1_68' title='bbox 891 1161 1074 1236; x_wconf 86' lang='lat' dir='ltr'>tamenab</span> <span class='ocrx_word' id='word_1_69' title='bbox 1105 1161 1146 1236; x_wconf 87' lang='lat' dir='ltr'>iis</span> 
     </span>
     <span class='ocr_line' id='line_1_10' title="bbox 106 1264 1148 1365; baseline 0.003 -20"><span class='ocrx_word' id='word_1_70' title='bbox 106 1328 129 1364; x_wconf 85' lang='lat'>,‚</span> <span class='ocrx_word' id='word_1_71' title='bbox 161 1272 266 1345; x_wconf 86' lang='lat' dir='ltr'>nobis</span> <span class='ocrx_word' id='word_1_72' title='bbox 280 1267 532 1345; x_wconf 87' lang='lat' dir='ltr'>discedendum</span> <span class='ocrx_word' id='word_1_73' title='bbox 550 1264 641 1355; x_wconf 84' lang='lat' dir='ltr'>elle,</span> <span class='ocrx_word' id='word_1_74' title='bbox 663 1290 740 1347; x_wconf 90' lang='lat' dir='ltr'>nou</span> <span class='ocrx_word' id='word_1_75' title='bbox 763 1267 982 1351; x_wconf 83' lang='lat' dir='ltr'>censeamus.</span> <span class='ocrx_word' id='word_1_76' title='bbox 1045 1269 1148 1365; x_wconf 87' lang='lat' dir='ltr'>Qua·</span> 
     </span>
     <span class='ocr_line' id='line_1_11' title="bbox 106 1379 1147 1484; baseline 0.007 -28"><span class='ocrx_word' id='word_1_77' title='bbox 106 1439 131 1476; x_wconf 83' lang='lat'>,‚</span> <span class='ocrx_word' id='word_1_78' title='bbox 161 1407 198 1456; x_wconf 87' lang='lat' dir='ltr'>re</span> <span class='ocrx_word' id='word_1_79' title='bbox 219 1404 295 1457; x_wconf 91' lang='lat' dir='ltr'>non</span> <span class='ocrx_word' id='word_1_80' title='bbox 315 1381 386 1477; x_wconf 74' lang='lat' dir='ltr'>est,</span> <span class='ocrx_word' id='word_1_81' title='bbox 417 1380 518 1479; x_wconf 90' lang='lat' dir='ltr'>quod</span> <span class='ocrx_word' id='word_1_82' title='bbox 543 1379 740 1458; x_wconf 83' lang='lat' dir='ltr'>haereamus</span> <span class='ocrx_word' id='word_1_83' title='bbox 760 1383 798 1458; x_wconf 91' lang='lat' dir='ltr'>in</span> <span class='ocrx_word' id='word_1_84' title='bbox 822 1404 864 1459; x_wconf 84' lang='lat' dir='ltr'>ea</span> <span class='ocrx_word' id='word_1_85' title='bbox 891 1381 1037 1481; x_wconf 87' lang='lat' dir='ltr'>regula,</span> <span class='ocrx_word' id='word_1_86' title='bbox 1067 1406 1147 1484; x_wconf 83' lang='lat' dir='ltr'>quae</span> 
     </span>
     <span class='ocr_line' id='line_1_12' title="bbox 106 1491 1240 1595; baseline -0.003 -27"><span class='ocrx_word' id='word_1_87' title='bbox 106 1550 130 1586; x_wconf 80' lang='lat'>‚,</span> <span class='ocrx_word' id='word_1_88' title='bbox 159 1491 333 1570; x_wconf 85' lang='lat' dir='ltr'>Romanis</span> <span class='ocrx_word' id='word_1_89' title='bbox 365 1491 590 1593; x_wconf 77' lang='lat' dir='ltr'>stomachum</span> <span class='ocrx_word' id='word_1_90' title='bbox 611 1509 760 1581; x_wconf 88' lang='lat' dir='ltr'>movet.</span> <span class='ocrx_word' id='word_1_91' title='bbox 790 1506 827 1570; x_wconf 92' lang='lat' dir='ltr'>et</span> <span class='ocrx_word' id='word_1_92' title='bbox 843 1518 924 1595; x_wconf 85' lang='lat' dir='ltr'>quae</span> <span class='ocrx_word' id='word_1_93' title='bbox 945 1497 1054 1574; x_wconf 86' lang='lat' dir='ltr'>rebus</span> <span class='ocrx_word' id='word_1_94' title='bbox 1079 1518 1148 1573; x_wconf 89' lang='lat' dir='ltr'>no·</span> <span class='ocrx_word' id='word_1_95' title='bbox 1238 1556 1240 1565; x_wconf 54' lang='lat'>.</span> 
     </span>
     <span class='ocr_line' id='line_1_13' title="bbox 107 1603 1146 1705; baseline 0.006 -26"><span class='ocrx_word' id='word_1_96' title='bbox 107 1662 131 1697; x_wconf 85' lang='lat'>„</span> <span class='ocrx_word' id='word_1_97' title='bbox 160 1605 236 1680; x_wconf 85' lang='lat' dir='ltr'>stris</span> <span class='ocrx_word' id='word_1_98' title='bbox 260 1628 335 1680; x_wconf 90' lang='lat' dir='ltr'>non</span> <span class='ocrx_word' id='word_1_99' title='bbox 361 1603 553 1704; x_wconf 87' lang='lat' dir='ltr'>prospicit.</span> <span class='ocrx_word' id='word_1_100' title='bbox 592 1618 635 1683; x_wconf 90' lang='lat' dir='ltr'>ut</span> <span class='ocrx_word' id='word_1_101' title='bbox 660 1629 723 1705; x_wconf 91' lang='lat' dir='ltr'>par</span> <span class='ocrx_word' id='word_1_102' title='bbox 752 1604 812 1682; x_wconf 89' lang='lat' dir='ltr'>est.</span> <span class='ocrx_word' id='word_1_103' title='bbox 871 1604 1024 1684; x_wconf 85' lang='lat' dir='ltr'>Fruatur</span> <span class='ocrx_word' id='word_1_104' title='bbox 1050 1606 1146 1685; x_wconf 85' lang='lat' dir='ltr'>sum·</span> 
     </span>
     <span class='ocr_line' id='line_1_14' title="bbox 107 1716 1147 1818; baseline 0.005 -27"><span class='ocrx_word' id='word_1_105' title='bbox 107 1773 130 1810; x_wconf 86' lang='lat'><strong>„</strong></span> <span class='ocrx_word' id='word_1_106' title='bbox 160 1741 238 1792; x_wconf 78' lang='lat' dir='ltr'>nius</span> <span class='ocrx_word' id='word_1_107' title='bbox 268 1716 433 1815; x_wconf 83' lang='lat' dir='ltr'>pontifex</span> <span class='ocrx_word' id='word_1_108' title='bbox 459 1732 521 1792; x_wconf 91' lang='lat' dir='ltr'>aut</span> <span class='ocrx_word' id='word_1_109' title='bbox 547 1739 654 1815; x_wconf 80' lang='lat' dir='ltr'>aquo</span> <span class='ocrx_word' id='word_1_110' title='bbox 675 1721 753 1794; x_wconf 90' lang='lat' dir='ltr'>iure</span> <span class='ocrx_word' id='word_1_111' title='bbox 780 1738 865 1793; x_wconf 88' lang='lat' dir='ltr'>cum</span> <span class='ocrx_word' id='word_1_112' title='bbox 891 1719 1056 1797; x_wconf 89' lang='lat' dir='ltr'>conciliis</span> <span class='ocrx_word' id='word_1_113' title='bbox 1082 1744 1147 1818; x_wconf 87' lang='lat' dir='ltr'>ge·</span> 
     </span>
     <span class='ocr_line' id='line_1_15' title="bbox 107 1824 1147 1924; baseline 0.005 -21"><span class='ocrx_word' id='word_1_114' title='bbox 107 1886 131 1923; x_wconf 83' lang='lat'>,‚</span> <span class='ocrx_word' id='word_1_115' title='bbox 162 1829 366 1912; x_wconf 75' lang='lat' dir='ltr'>natalibus,</span> <span class='ocrx_word' id='word_1_116' title='bbox 409 1840 471 1905; x_wconf 91' lang='lat' dir='ltr'>aut</span> <span class='ocrx_word' id='word_1_117' title='bbox 496 1824 680 1924; x_wconf 85' lang='lat' dir='ltr'>superiori.</span> <span class='ocrx_word' id='word_1_118' title='bbox 741 1824 834 1903; x_wconf 88' lang='lat' dir='ltr'>lllud</span> <span class='ocrx_word' id='word_1_119' title='bbox 863 1852 977 1906; x_wconf 88' lang='lat' dir='ltr'>uuum</span> <span class='ocrx_word' id='word_1_120' title='bbox 995 1833 1033 1905; x_wconf 91' lang='lat' dir='ltr'>in</span> <span class='ocrx_word' id='word_1_121' title='bbox 1060 1830 1147 1908; x_wconf 87' lang='lat' dir='ltr'>foro</span> 
     </span>
     <span class='ocr_line' id='line_1_16' title="bbox 105 1937 1146 2037; baseline 0.004 -22"><span class='ocrx_word' id='word_1_122' title='bbox 105 1997 130 2034; x_wconf 83' lang='lat'>‚,</span> <span class='ocrx_word' id='word_1_123' title='bbox 160 1939 409 2037; x_wconf 81' lang='lat' dir='ltr'>expendetur,</span> <span class='ocrx_word' id='word_1_124' title='bbox 451 1961 496 2013; x_wconf 92' lang='lat' dir='ltr'>an</span> <span class='ocrx_word' id='word_1_125' title='bbox 526 1960 619 2013; x_wconf 89' lang='lat' dir='ltr'>nova</span> <span class='ocrx_word' id='word_1_126' title='bbox 647 1937 892 2024; x_wconf 84' lang='lat' dir='ltr'>constitutio,</span> <span class='ocrx_word' id='word_1_127' title='bbox 932 1940 987 2015; x_wconf 90' lang='lat' dir='ltr'>vel</span> <span class='ocrx_word' id='word_1_128' title='bbox 1008 1964 1146 2019; x_wconf 85' lang='lat' dir='ltr'>novum</span> 
     </span>
     <span class='ocr_line' id='line_1_17' title="bbox 107 2046 1149 2148; baseline 0.005 -23"><span class='ocrx_word' id='word_1_129' title='bbox 107 2109 131 2146; x_wconf 81' lang='lat'>„</span> <span class='ocrx_word' id='word_1_130' title='bbox 162 2051 371 2148; x_wconf 75' lang='lat' dir='ltr'>rescriptum</span> <span class='ocrx_word' id='word_1_131' title='bbox 403 2049 508 2124; x_wconf 89' lang='lat' dir='ltr'>rebus</span> <span class='ocrx_word' id='word_1_132' title='bbox 542 2046 736 2126; x_wconf 88' lang='lat' dir='ltr'>Gallicanis</span> <span class='ocrx_word' id='word_1_133' title='bbox 762 2047 952 2138; x_wconf 84' lang='lat' dir='ltr'>consulat,</span> <span class='ocrx_word' id='word_1_134' title='bbox 996 2067 1060 2130; x_wconf 88' lang='lat' dir='ltr'>aut</span> <span class='ocrx_word' id='word_1_135' title='bbox 1082 2054 1149 2130; x_wconf 83' lang='lat' dir='ltr'>no&#39;·</span> 
     </span>
     <span class='ocr_line' id='line_1_18' title="bbox 107 2158 1149 2262; baseline 0.004 -24"><span class='ocrx_word' id='word_1_136' title='bbox 107 2220 131 2257; x_wconf 86' lang='lat'>‚‚</span> <span class='ocrx_word' id='word_1_137' title='bbox 161 2160 264 2238; x_wconf 80' lang='lat' dir='ltr'>sear?</span> <span class='ocrx_word' id='word_1_138' title='bbox 308 2160 345 2238; x_wconf 92' lang='lat' dir='ltr'>Si</span> <span class='ocrx_word' id='word_1_139' title='bbox 366 2175 530 2259; x_wconf 85' lang='lat' dir='ltr'>receptos</span> <span class='ocrx_word' id='word_1_140' title='bbox 556 2184 716 2238; x_wconf 83' lang='lat' dir='ltr'>canones</span> <span class='ocrx_word' id='word_1_141' title='bbox 749 2158 804 2236; x_wconf 88' lang='lat' dir='ltr'>vel</span> <span class='ocrx_word' id='word_1_142' title='bbox 832 2178 998 2262; x_wconf 84' lang='lat' dir='ltr'>receptos</span> <span class='ocrx_word' id='word_1_143' title='bbox 1026 2187 1149 2243; x_wconf 86' lang='lat' dir='ltr'>mores</span> 
     </span>
     <span class='ocr_line' id='line_1_19' title="bbox 108 2271 1146 2372; baseline 0.003 -24"><span class='ocrx_word' id='word_1_144' title='bbox 108 2332 131 2368; x_wconf 88' lang='lat'>„</span> <span class='ocrx_word' id='word_1_145' title='bbox 163 2273 334 2371; x_wconf 81' lang='lat' dir='ltr'>infringat</span> <span class='ocrx_word' id='word_1_146' title='bbox 354 2271 476 2372; x_wconf 90' lang='lat' dir='ltr'>aliquo</span> <span class='ocrx_word' id='word_1_147' title='bbox 495 2272 617 2370; x_wconf 66' lang='lat' dir='ltr'>pabo,</span> <span class='ocrx_word' id='word_1_148' title='bbox 639 2275 715 2349; x_wconf 91' lang='lat' dir='ltr'>eius</span> <span class='ocrx_word' id='word_1_149' title='bbox 735 2275 827 2348; x_wconf 86' lang='lat' dir='ltr'>ratio</span> <span class='ocrx_word' id='word_1_150' title='bbox 843 2297 920 2350; x_wconf 89' lang='lat' dir='ltr'>nun</span> <span class='ocrx_word' id='word_1_151' title='bbox 938 2274 1146 2365; x_wconf 82' lang='lat' dir='ltr'>habebitur,</span> 
     </span>
     <span class='ocr_line' id='line_1_20' title="bbox 108 2383 1150 2485; baseline 0.006 -25"><span class='ocrx_word' id='word_1_152' title='bbox 108 2444 130 2479; x_wconf 86' lang='lat'>„</span> <span class='ocrx_word' id='word_1_153' title='bbox 161 2384 222 2461; x_wconf 81' lang='lat' dir='ltr'>nili</span> <span class='ocrx_word' id='word_1_154' title='bbox 244 2383 416 2466; x_wconf 79' lang='lat' dir='ltr'>consensu</span> <span class='ocrx_word' id='word_1_155' title='bbox 437 2383 586 2485; x_wconf 92' lang='lat' dir='ltr'>publico</span> <span class='ocrx_word' id='word_1_156' title='bbox 602 2385 795 2464; x_wconf 87' lang='lat' dir='ltr'>accedente</span> <span class='ocrx_word' id='word_1_157' title='bbox 810 2441 844 2478; x_wconf 82' lang='grc'>,,.</span> <span class='ocrx_word' id='word_1_158' title='bbox 883 2385 950 2468; x_wconf 84' lang='lat' dir='ltr'>Me</span> <span class='ocrx_word' id='word_1_159' title='bbox 973 2412 1050 2465; x_wconf 90' lang='lat' dir='ltr'>non</span> <span class='ocrx_word' id='word_1_160' title='bbox 1070 2412 1150 2466; x_wconf 80' lang='lat' dir='ltr'>nro.-</span> 
     </span>
     <span class='ocr_line' id='line_1_21' title="bbox 109 2496 1149 2597; baseline 0.005 -23"><span class='ocrx_word' id='word_1_161' title='bbox 109 2511 241 2582; x_wconf 90' lang='lat' dir='ltr'>nente,</span> <span class='ocrx_word' id='word_1_162' title='bbox 272 2501 388 2597; x_wconf 85' lang='lat' dir='ltr'>quivis</span> <span class='ocrx_word' id='word_1_163' title='bbox 414 2496 684 2585; x_wconf 86' lang='lat' dir='ltr'>animadvertit,</span> <span class='ocrx_word' id='word_1_164' title='bbox 721 2497 925 2575; x_wconf 86' lang='lat' dir='ltr'>sermonem</span> <span class='ocrx_word' id='word_1_165' title='bbox 956 2498 1056 2578; x_wconf 89' lang='lat' dir='ltr'>hunc</span> <span class='ocrx_word' id='word_1_166' title='bbox 1079 2498 1149 2579; x_wconf 82' lang='lat' dir='ltr'>elle</span> 
     </span>
     <span class='ocr_line' id='line_1_22' title="bbox 109 2608 1147 2707; baseline 0 -19"><span class='ocrx_word' id='word_1_167' title='bbox 109 2609 269 2688; x_wconf 83' lang='lat' dir='ltr'>bominis</span> <span class='ocrx_word' id='word_1_168' title='bbox 309 2608 426 2684; x_wconf 85' lang='lat' dir='ltr'>eforo</span> <span class='ocrx_word' id='word_1_169' title='bbox 465 2613 611 2706; x_wconf 89' lang='lat' dir='ltr'>potius,</span> <span class='ocrx_word' id='word_1_170' title='bbox 657 2631 767 2707; x_wconf 86' lang='lat' dir='ltr'>quam</span> <span class='ocrx_word' id='word_1_171' title='bbox 804 2610 969 2698; x_wconf 84' lang='lat' dir='ltr'>eclero.</span> <span class='ocrx_word' id='word_1_172' title='bbox 1015 2613 1147 2691; x_wconf 87' lang='lat' dir='ltr'>laicum</span> 
     </span>
     <span class='ocr_line' id='line_1_23' title="bbox 108 2720 1149 2820; baseline 0.002 -22"><span class='ocrx_word' id='word_1_173' title='bbox 108 2724 225 2817; x_wconf 83' lang='lat' dir='ltr'>magis</span> <span class='ocrx_word' id='word_1_174' title='bbox 253 2720 371 2818; x_wconf 81' lang='lat' dir='ltr'>sapere</span> <span class='ocrx_word' id='word_1_175' title='bbox 399 2735 435 2794; x_wconf 88' lang='lat' dir='ltr'>et</span> <span class='ocrx_word' id='word_1_176' title='bbox 467 2723 759 2818; x_wconf 84' lang='lat' dir='ltr'>pragmaticum,</span> <span class='ocrx_word' id='word_1_177' title='bbox 810 2720 919 2820; x_wconf 84' lang='lat' dir='ltr'>quam</span> <span class='ocrx_word' id='word_1_178' title='bbox 948 2722 1149 2801; x_wconf 82' lang='lat' dir='ltr'>ecclesiasti-</span> 
     </span>
     <span class='ocr_line' id='line_1_24' title="bbox 108 2829 1150 2931; baseline 0.006 -24"><span class='ocrx_word' id='word_1_179' title='bbox 108 2857 193 2914; x_wconf 86' lang='lat' dir='ltr'>cum</span> <span class='ocrx_word' id='word_1_180' title='bbox 214 2847 249 2906; x_wconf 88' lang='lat' dir='ltr'>et</span> <span class='ocrx_word' id='word_1_181' title='bbox 272 2829 490 2908; x_wconf 82' lang='lat' dir='ltr'>hierarcham</span> <span class='ocrx_word' id='word_1_182' title='bbox 511 2830 546 2906; x_wconf 89' lang='lat' dir='ltr'>id</span> <span class='ocrx_word' id='word_1_183' title='bbox 567 2853 706 2928; x_wconf 83' lang='lat' dir='ltr'>genus,</span> <span class='ocrx_word' id='word_1_184' title='bbox 731 2854 825 2930; x_wconf 89' lang='lat' dir='ltr'>quos</span> <span class='ocrx_word' id='word_1_185' title='bbox 844 2831 999 2929; x_wconf 83' lang='lat' dir='ltr'>Spiritus</span> <span class='ocrx_word' id='word_1_186' title='bbox 1007 2834 1150 2931; x_wconf 65' lang='lat' dir='ltr'>sununs</span> 
     </span>
     <span class='ocr_line' id='line_1_25' title="bbox 108 2939 1158 3043; baseline 0.003 -24"><span class='ocrx_word' id='word_1_187' title='bbox 108 2943 226 3043; x_wconf 80' lang='lat' dir='ltr'>posuit</span> <span class='ocrx_word' id='word_1_188' title='bbox 237 2940 424 3039; x_wconf 68' lang='lat' dir='ltr'>episcopos,</span> <span class='ocrx_word' id='word_1_189' title='bbox 442 2964 566 3038; x_wconf 82' lang='lat' dir='ltr'>regere</span> <span class='ocrx_word' id='word_1_190' title='bbox 587 2939 766 3032; x_wconf 68' lang='lat' dir='ltr'>Eccleium</span> <span class='ocrx_word' id='word_1_191' title='bbox 792 2941 881 3031; x_wconf 85' lang='lat' dir='ltr'>Dei,</span> <span class='ocrx_word' id='word_1_192' title='bbox 913 2969 1018 3042; x_wconf 77' lang='lat' dir='ltr'>quum</span> <span class='ocrx_word' id='word_1_193' title='bbox 1032 2950 1158 3042; x_wconf 54' lang='lat' dir='ltr'>asquia</span> 
     </span>
     <span class='ocr_line' id='line_1_26' title="bbox 111 3050 1148 3158; baseline 0.005 -28"><span class='ocrx_word' id='word_1_194' title='bbox 111 3055 194 3151; x_wconf 73' lang='lat' dir='ltr'>finit</span> <span class='ocrx_word' id='word_1_195' title='bbox 205 3054 384 3153; x_wconf 77' lang='lat' dir='ltr'>scarrguine</span> <span class='ocrx_word' id='word_1_196' title='bbox 401 3051 479 3152; x_wconf 77' lang='lat' dir='ltr'>suo.</span> <span class='ocrx_word' id='word_1_197' title='bbox 502 3053 541 3144; x_wconf 80' lang='lat' dir='ltr'>u)</span> <span class='ocrx_word' id='word_1_198' title='bbox 565 3052 630 3140; x_wconf 84' lang='lat' dir='ltr'>Et,</span> <span class='ocrx_word' id='word_1_199' title='bbox 657 3072 699 3133; x_wconf 93' lang='lat' dir='ltr'>ut</span> <span class='ocrx_word' id='word_1_200' title='bbox 715 3054 798 3132; x_wconf 88' lang='lat' dir='ltr'>alibi</span> <span class='ocrx_word' id='word_1_201' title='bbox 818 3055 982 3158; x_wconf 86' lang='lat' dir='ltr'>loquitur</span> <span class='ocrx_word' id='word_1_202' title='bbox 996 3055 1035 3146; x_wconf 86' lang='lat' dir='ltr'>b)</span> <span class='ocrx_word' id='word_1_203' title='bbox 1053 3050 1148 3135; x_wconf 81' lang='lat' dir='ltr'>ideur</span> 
     </span>
     <span class='ocr_line' id='line_1_27' title="bbox 112 3163 1150 3267; baseline 0.001 -20"><span class='ocrx_word' id='word_1_204' title='bbox 112 3167 320 3267; x_wconf 85' lang='lat' dir='ltr'>apostolus:</span> <span class='ocrx_word' id='word_1_205' title='bbox 366 3164 415 3259; x_wconf 76' lang='lat' dir='ltr'>fic</span> <span class='ocrx_word' id='word_1_206' title='bbox 447 3189 507 3243; x_wconf 86' lang='lat' dir='ltr'>uus</span> <span class='ocrx_word' id='word_1_207' title='bbox 531 3163 702 3255; x_wconf 72' lang='lat' dir='ltr'>exiiiimet</span> <span class='ocrx_word' id='word_1_208' title='bbox 723 3167 854 3258; x_wconf 82' lang='lat' dir='ltr'>humo,</span> <span class='ocrx_word' id='word_1_209' title='bbox 911 3180 953 3246; x_wconf 81' lang='lat' dir='ltr'>ut</span> <span class='ocrx_word' id='word_1_210' title='bbox 974 3168 1150 3258; x_wconf 77' lang='lat' dir='ltr'>miniliror</span> 
     </span>
     <span class='ocr_line' id='line_1_28' title="bbox 116 3274 1151 3378; baseline 0.006 -23"><span class='ocrx_word' id='word_1_211' title='bbox 116 3277 270 3366; x_wconf 65' lang='lat' dir='ltr'>Christi,</span> <span class='ocrx_word' id='word_1_212' title='bbox 308 3288 342 3357; x_wconf 83' lang='lat' dir='ltr'>et</span> <span class='ocrx_word' id='word_1_213' title='bbox 370 3274 618 3374; x_wconf 76' lang='lat' dir='ltr'>dispensatores</span> <span class='ocrx_word' id='word_1_214' title='bbox 655 3274 897 3378; x_wconf 61' lang='lat' dir='ltr'>mysteriorum</span> <span class='ocrx_word' id='word_1_215' title='bbox 935 3279 1016 3360; x_wconf 89' lang='lat' dir='ltr'>Dei.</span> <span class='ocrx_word' id='word_1_216' title='bbox 1077 3280 1151 3363; x_wconf 84' lang='lat' dir='ltr'>Hic</span> 
     </span>
    </p>
   </div>
   <div class='ocr_carea' id='block_1_3' title="bbox 115 3387 1152 3831">
    <p class='ocr_par' dir='ltr' id='par_1_3' title="bbox 115 3387 1152 3831">
     <span class='ocr_line' id='line_1_29' title="bbox 115 3387 1151 3490; baseline 0.001 -21"><span class='ocrx_word' id='word_1_217' title='bbox 115 3395 189 3470; x_wconf 85' lang='lat' dir='ltr'>ium</span> <span class='ocrx_word' id='word_1_218' title='bbox 214 3392 385 3486; x_wconf 77' lang='lat' dir='ltr'>queritur</span> <span class='ocrx_word' id='word_1_219' title='bbox 400 3394 496 3464; x_wconf 85' lang='lat' dir='ltr'>inter</span> <span class='ocrx_word' id='word_1_220' title='bbox 512 3387 785 3489; x_wconf 51' lang='lat' dir='ltr'>offrenatum,</span> <span class='ocrx_word' id='word_1_221' title='bbox 814 3404 856 3468; x_wconf 85' lang='lat' dir='ltr'>ut</span> <span class='ocrx_word' id='word_1_222' title='bbox 871 3391 980 3484; x_wconf 76' lang='lat' dir='ltr'>fidelis</span> <span class='ocrx_word' id='word_1_223' title='bbox 999 3395 1077 3490; x_wconf 70' lang='lat' dir='ltr'>qun</span> <span class='ocrx_word' id='word_1_224' title='bbox 1095 3395 1151 3472; x_wconf 87' lang='lat' dir='ltr'>in·</span> 
     </span>
     <span class='ocr_line' id='line_1_30' title="bbox 115 3499 1151 3592; baseline 0.005 -13"><span class='ocrx_word' id='word_1_225' title='bbox 115 3503 293 3580; x_wconf 79' lang='lat' dir='ltr'>veniatur.</span> <span class='ocrx_word' id='word_1_226' title='bbox 353 3499 576 3592; x_wconf 81' lang='lat' dir='ltr'>Libertatem</span> <span class='ocrx_word' id='word_1_227' title='bbox 600 3503 756 3583; x_wconf 80' lang='lat' dir='ltr'>o‘stentat</span> <span class='ocrx_word' id='word_1_228' title='bbox 779 3501 876 3587; x_wconf 78' lang='lat' dir='ltr'>Pers.</span> <span class='ocrx_word' id='word_1_229' title='bbox 905 3504 950 3583; x_wconf 88' lang='lat' dir='ltr'>de</span> <span class='ocrx_word' id='word_1_230' title='bbox 984 3505 1151 3590; x_wconf 86' lang='lat' dir='ltr'>Marcaa</span> 
     </span>
     <span class='ocr_line' id='line_1_31' title="bbox 116 3612 1152 3718; baseline 0.013 -34"><span class='ocrx_word' id='word_1_231' title='bbox 116 3614 256 3710; x_wconf 81' lang='lat' dir='ltr'>iegibus</span> <span class='ocrx_word' id='word_1_232' title='bbox 278 3612 515 3694; x_wconf 80' lang='lat' dir='ltr'>ecclesiasticis</span> <span class='ocrx_word' id='word_1_233' title='bbox 540 3614 720 3700; x_wconf 83' lang='lat' dir='ltr'>solutam,</span> <span class='ocrx_word' id='word_1_234' title='bbox 759 3637 869 3714; x_wconf 82' lang='lat' dir='ltr'>quam</span> <span class='ocrx_word' id='word_1_235' title='bbox 893 3617 966 3718; x_wconf 85' lang='lat' dir='ltr'>ipse</span> <span class='ocrx_word' id='word_1_236' title='bbox 983 3617 1152 3699; x_wconf 74' lang='lat' dir='ltr'>hailenus</span> 
     </span>
     <span class='ocr_line' id='line_1_32' title="bbox 118 3723 1152 3831; baseline 0.004 -27"><span class='ocrx_word' id='word_1_237' title='bbox 118 3726 237 3806; x_wconf 89' lang='lat' dir='ltr'>clerus</span> <span class='ocrx_word' id='word_1_238' title='bbox 270 3723 477 3808; x_wconf 86' lang='lat' dir='ltr'>Gallicanus</span> <span class='ocrx_word' id='word_1_239' title='bbox 501 3730 593 3805; x_wconf 84' lang='lat' dir='ltr'>veris</span> <span class='ocrx_word' id='word_1_240' title='bbox 618 3749 659 3806; x_wconf 94' lang='lat' dir='ltr'>ac</span> <span class='ocrx_word' id='word_1_241' title='bbox 675 3729 843 3825; x_wconf 84' lang='lat' dir='ltr'>genuinis</span> <span class='ocrx_word' id='word_1_242' title='bbox 861 3727 1081 3815; x_wconf 82' lang='lat' dir='ltr'>libertatibus</span> <span class='ocrx_word' id='word_1_243' title='bbox 1100 3735 1152 3831; x_wconf 87' lang='lat' dir='ltr'>ip-</span> 
     </span>
    </p>
   </div>
   <div class='ocr_carea' id='block_1_4' title="bbox 630 3853 1100 3948">
    <p class='ocr_par' dir='ltr' id='par_1_4' title="bbox 630 3853 1100 3948">
     <span class='ocr_line' id='line_1_33' title="bbox 630 3853 1100 3948; baseline 0.011 -11"><span class='ocrx_word' id='word_1_244' title='bbox 630 3853 667 3937; x_wconf 92' lang='lat' dir='ltr'>G</span> <span class='ocrx_word' id='word_1_245' title='bbox 700 3876 719 3948; x_wconf 76' lang='grc' dir='ltr'><strong>ς</strong></span> <span class='ocrx_word' id='word_1_246' title='bbox 1030 3859 1100 3942; x_wconf 83' lang='lat' dir='ltr'>iius</span> 
     </span>
    </p>
   </div>
   <div class='ocr_carea' id='block_1_5' title="bbox 162 4007 825 4090">
    <p class='ocr_par' dir='ltr' id='par_1_5' title="bbox 162 4007 825 4090">
     <span class='ocr_line' id='line_1_34' title="bbox 162 4007 825 4090; baseline 0.011 -17"><span class='ocrx_word' id='word_1_247' title='bbox 162 4009 202 4090; x_wconf 72' lang='lat' dir='ltr'>a)</span> <span class='ocrx_word' id='word_1_248' title='bbox 222 4009 283 4074; x_wconf 82' lang='lat' dir='ltr'>nu.</span> <span class='ocrx_word' id='word_1_249' title='bbox 311 4007 384 4073; x_wconf 86' lang='lat' dir='ltr'>XX.</span> <span class='ocrx_word' id='word_1_250' title='bbox 409 4020 459 4084; x_wconf 67' lang='lat' dir='ltr'>aa.</span> <span class='ocrx_word' id='word_1_251' title='bbox 528 4012 563 4089; x_wconf 75' lang='lat' dir='ltr'>b)</span> <span class='ocrx_word' id='word_1_252' title='bbox 584 4007 608 4081; x_wconf 84' lang='grc' dir='ltr'>Ι.</span> <span class='ocrx_word' id='word_1_253' title='bbox 630 4009 699 4077; x_wconf 82' lang='lat' dir='ltr'>Cor.</span> <span class='ocrx_word' id='word_1_254' title='bbox 721 4008 773 4082; x_wconf 69' lang='lat' dir='ltr'>ll.</span> <span class='ocrx_word' id='word_1_255' title='bbox 797 4028 825 4080; x_wconf 82' lang='lat' dir='ltr'>r.</span> 
     </span>
    </p>
   </div>
   <div class='ocr_carea' id='block_1_6' title="bbox 0 0 1263 4958">
    <p class='ocr_par' dir='ltr' id='par_1_6' title="bbox 0 0 1263 4958">
     <span class='ocr_line' id='line_1_35' title="bbox 0 0 1263 4958; baseline 0 0"><span class='ocrx_word' id='word_1_256' title='bbox 0 0 1263 4958; x_wconf 95' lang='lat' dir='ltr'> </span> 
     </span>
    </p>
   </div>
  </div>
 </body>
</html>
