2512 4620
225 241 376 323 regnum
397 212 528 307 Chriiii
542 219 584 295 in
596 217 718 301 turis.
741 238 771 299 c.
787 213 925 303 XLVI.
1010 237 1086 303 201

59 374 97 467 in
119 380 301 484 republica
327 379 462 469 habet.
504 380 542 461 in
568 403 646 482 quo
676 382 866 481 princeps.
895 381 958 466 ubi
982 405 1098 462 nrum.

59 501 166 578 brum
186 492 347 583 Ecclefiae
371 492 514 582 evadit.
560 516 638 577 uon
666 507 709 572 ut
743 497 938 594 princeps.
975 493 1032 578 [ed
1055 509 1097 575 ut

58 610 203 693 auditor
224 609 322 687 verbi
347 604 533 706 speiietut.
591 603 691 691 Hinc
720 620 840 687 tumen
873 607 929 683 ius
963 609 1098 706 princi.
1221 598 1225 605 “

59 747 148 827 pum
170 723 264 802 circa
281 719 373 796 sacra
390 740 466 797 nou
487 719 630 817 penitus
646 730 778 814 negat.
808 715 867 801 sed
885 721 963 795 iura
979 718 1097 801 sacro·

58 854 141 915 runi
164 834 301 917 statuit,
331 853 411 930 quae
429 828 593 927 collegio
607 842 649 909 ut
666 828 727 912 tali
745 844 985 936 cunipetunt3
1015 854 1097 933 quae

59 945 163 1046 quod
192 941 372 1027 neceifitas
400 942 606 1041 reipublicae
633 940 670 1019 id
704 944 880 1042 requirit,
928 945 1097 1045 princeps

60 1060 124 1141 fibi
144 1057 281 1143 sumat,
312 1053 356 1132 ad
376 1069 508 1139 nutum
528 1068 649 1133 tamen
676 1052 824 1152 collegii
847 1049 1097 1133 administran-

62 1173 132 1259 da‚·
154 1192 238 1264 qua.
256 1176 322 1255 ait,
352 1177 385 1241 et
400 1176 585 1264 eapropter
603 1163 797 1261 tullegiuiin
812 1165 970 1249 dicimus.
999 1165 1099 1265 Pru:

60 1284 103 1366 sn
126 1278 291 1364 Pfaffiunn
313 1273 503 1363 difficultas
522 1277 581 1360 ilia
605 1278 650 1355 de
672 1280 750 1357 iure
771 1281 979 1379 principum
1002 1282 1098 1358 circa

61 1396 179 1480 sacra,
209 1414 287 1494 quae
306 1413 404 1469 rrunc
429 1389 540 1479 facit,
571 1404 613 1469 ut
635 1389 682 1473 ab
705 1386 785 1490 ipsu
813 1389 1098 1473 Protestantibuc
1167 1440 1172 1449 -

60 1507 138 1585 haec
165 1503 335 1583 sententia
360 1501 566 1590 deseratur.
611 1516 654 1585 ut
684 1502 780 1602 apud
810 1499 917 1587 Laut.
944 1500 1101 1587 Moche-

62 1621 178 1695 mium
207 1615 328 1693 videre
347 1614 396 1692 est
422 1616 459 1697 in
496 1637 608 1715 opere
643 1613 843 1713 posthumo
867 1614 914 1691 de
936 1616 1015 1697 iure
1039 1636 1102 1695 cc-

61 1728 253 1814 cieiiastico
275 1725 555 1807 Protestantium
579 1726 770 1807 cummuni
795 1724 839 1827 a)
868 1727 930 1803 ubi
963 1726 1102 1827 postte·

62 1842 193 1923 mode
220 1842 298 1917 iure
326 1833 559 1917 ecclesiastico
587 1839 897 1915 communitatum
923 1833 1103 1922 Luthera·

62 1976 191 2029 natum
219 1947 353 2046 [iugula
375 1946 544 2029 banenns
569 1942 738 2027 'recensata
760 1946 945 2056 systemata
966 1926 1102 2033 eradii-

60 2068 99 2145 ni
112 2064 319 2156 ibbiiciens,
340 2057 422 2137 licet
437 2057 539 2139 aliter
551 2054 584 2133 ie
602 2056 776 2165 expedire
792 2073 967 2167 nequeat,
988 2082 1100 2161 quant
1147 2106 1150 2111 -

63 2192 105 2254 ut
133 2173 285 2274 principi
309 2172 408 2247 iuxta
434 2172 610 2271 principia
637 2170 831 2257 domestica
853 2195 939 2253 cum
963 2170 1034 2251 suis
1061 2168 1104 2247 il-

61 2287 127 2372 lud
149 2285 339 2369 attribuat,
371 2280 579 2365 sententiam
597 2297 718 2361 tamen
749 2283 865 2373 illam,
897 2308 978 2383 quae
1003 2285 1102 2384 prin·

63 2401 136 2498 cipi
156 2397 250 2474 idern
273 2397 329 2472 ius
355 2398 389 2472 vi
417 2396 503 2476 iuris
526 2393 750 2479 territoriaiic
774 2396 974 2485 adscribit,
1020 2419 1101 2473 non
1212 2444 1222 2461 ·

64 2512 180 2612 potest
203 2531 278 2584 non
304 2531 436 2583 novam
455 2507 653 2606 agnoscere
678 2504 718 2595 b)
748 2510 908 2607 primum
936 2508 1018 2610 post
1038 2532 1102 2615 pa·

64 2648 143 2705 ceni
161 2619 448 2719 Weiiphaiicarn
465 2637 605 2695 natam:
626 2620 728 2720 quud
746 2624 852 2696 etiam
867 2622 923 2703 ius
938 2620 1105 2719 agnoscit

64 2733 178 2821 tinec
202 2730 489 2811 demonstratum
519 2726 610 2815 effe.
636 2752 704 2813 nec
721 2730 957 2813 demonstrari
977 2728 1101 2831 poffe,

64 2846 205 2945 ciieque
217 2843 384 2919 oninium
397 2838 729 2940 periculoflffimum
744 2866 762 2917 a
775 2843 955 2944 plerisque
970 2844 1105 2945 princi·

66 2959 172 3058 pibus
184 2957 253 3031 iarn
268 2952 454 3039 miccium,
470 2975 512 3029 ac
525 2953 630 3031 etiam
647 2952 818 3052 paulatin
835 2951 1104 3033 alurisconsur·

66 3073 110 3151 tis
128 3068 257 3150 deseri,
277 3087 318 3143 ac
333 3066 447 3149 reiici‚
478 3064 686 3166 subditque:
721 3123 743 3157 ‚,
757 3064 828 3149 Die
844 3063 1104 3149 Catholischen

65 3238 89 3276 ‚,
113 3179 258 3264 Fursten
271 3176 499 3275 gebrauchen
512 3201 548 3253 es
559 3180 596 3260 in
610 3175 798 3279 ansehung
809 3176 904 3261 ihrer
914 3172 1106 3277 Evangeli-

67 3349 90 3385 ,‚
121 3286 510 3376 schenUnterthanen,
526 3288 584 3366 die
598 3287 644 3369 {ie
658 3292 693 3367 in
707 3289 822 3373 ihrem
836 3286 961 3377 Laude
974 3288 1102 3367 haben.

68 3460 91 3498 „
120 3403 177 3479 Sie
194 3402 322 3501 ingen,
341 3402 410 3475 wir
431 3398 548 3477 haben
568 3401 626 3478 die
642 3400 941 3501 Superioritatem
959 3405 1107 3480 territu-

69 3572 92 3608 „
121 3513 276 3600 tinient,
326 3513 400 3590 uud
439 3511 515 3591 find
546 3512 677 3598 nnithin
706 3515 797 3613 nach
824 3536 937 3591 eureu
971 3516 1106 3614 eigueu

69 3685 92 3720 „
123 3624 375 3707 Grundiaitzen
397 3622 537 3711 ilerre'n
557 3626 648 3709 iiber
670 3625 728 3705 die
744 3624 880 3707 Kirche
895 3628 931 3707 in
954 3625 1107 3705 unseren

572 3785 610 3871 N
644 3807 662 3880 ς
782 3812 786 3819 ’
842 3842 866 3881 ,,
891 3786 1051 3871 Staaten.

114 3943 147 4014 ai
172 3924 363 4019 nligcrnuines
376 3938 532 4004 Kirchenr.
551 3938 812 4013 destructuntur
827 3961 853 4009 c.
870 3960 899 4027 3.
911 3960 941 4025 p,
952 3949 1025 4023 469·

114 4031 149 4105 i)
170 4044 198 4105 p·
221 4042 289 4102 trr-
353 4028 384 4099 c)
406 4044 435 4101 r·
467 4034 535 4103 ηε.
