<?xml version="1.0" encoding="UTF-8"?>
<!DOCTYPE html PUBLIC "-//W3C//DTD XHTML 1.0 Transitional//EN"
    "http://www.w3.org/TR/xhtml1/DTD/xhtml1-transitional.dtd">
<html xmlns="http://www.w3.org/1999/xhtml" xml:lang="en" lang="en">
 <head>
  <title>
</title>
<meta http-equiv="Content-Type" content="text/html;charset=utf-8" />
  <meta name='ocr-system' content='tesseract 3.04.00' />
  <meta name='ocr-capabilities' content='ocr_page ocr_carea ocr_par ocr_line ocrx_word'/>
</head>
<body>
  <div class='ocr_page' id='page_1' title='image "./ecclesiamilitan01gerbgoog_0159.png"; bbox 0 0 2506 4958; ppageno 0'>
   <div class='ocr_carea' id='block_1_1' title="bbox 20 522 1243 2337">
    <p class='ocr_par' dir='ltr' id='par_1_1' title="bbox 20 522 1243 2337">
     <span class='ocr_line' id='line_1_1' title="bbox 156 522 1243 643; baseline -0.004 -32"><span class='ocrx_word' id='word_1_1' title='bbox 156 538 239 627; x_wconf 76' lang='lat'><strong>136</strong></span> <span class='ocrx_word' id='word_1_2' title='bbox 509 522 655 623; x_wconf 59' lang='lat' dir='ltr'><strong>&amp;hin</strong></span> <span class='ocrx_word' id='word_1_3' title='bbox 680 524 841 607; x_wconf 78' lang='lat' dir='ltr'><strong>militans</strong></span> <span class='ocrx_word' id='word_1_4' title='bbox 1241 618 1243 643; x_wconf 46' lang='grc' dir='ltr'>Ι</span> 
     </span>
     <span class='ocr_line' id='line_1_2' title="bbox 157 670 1243 789; baseline 0 -14"><span class='ocrx_word' id='word_1_5' title='bbox 157 684 388 775; x_wconf 64' lang='lat' dir='ltr'><strong>emmeant</strong></span> <span class='ocrx_word' id='word_1_6' title='bbox 417 686 547 771; x_wconf 79' lang='lat' dir='ltr'><strong>codice</strong></span> <span class='ocrx_word' id='word_1_7' title='bbox 571 670 752 769; x_wconf 74' lang='lat' dir='ltr'><strong>diuersum</strong></span> <span class='ocrx_word' id='word_1_8' title='bbox 765 701 999 789; x_wconf 78' lang='lat' dir='ltr'><strong>&#39;repererunt</strong></span> <span class='ocrx_word' id='word_1_9' title='bbox 1055 688 1101 771; x_wconf 90' lang='lat' dir='ltr'><strong>Iu</strong></span> <span class='ocrx_word' id='word_1_10' title='bbox 1125 690 1204 775; x_wconf 75' lang='lat' dir='ltr'><strong>bue</strong></span> <span class='ocrx_word' id='word_1_11' title='bbox 1241 700 1243 709; x_wconf 89' lang='lat'>&#39;</span> 
     </span>
     <span class='ocr_line' id='line_1_3' title="bbox 157 799 1203 904; baseline -0.002 -19"><span class='ocrx_word' id='word_1_12' title='bbox 157 826 293 885; x_wconf 72' lang='lat' dir='ltr'><strong>eorum</strong></span> <span class='ocrx_word' id='word_1_13' title='bbox 316 804 425 883; x_wconf 87' lang='lat' dir='ltr'><strong>etiam</strong></span> <span class='ocrx_word' id='word_1_14' title='bbox 450 804 581 903; x_wconf 89' lang='lat' dir='ltr'><strong>opinio</strong></span> <span class='ocrx_word' id='word_1_15' title='bbox 603 816 771 888; x_wconf 86' lang='lat' dir='ltr'><strong>notatur,</strong></span> <span class='ocrx_word' id='word_1_16' title='bbox 801 804 865 904; x_wconf 91' lang='lat' dir='ltr'><strong>qui</strong></span> <span class='ocrx_word' id='word_1_17' title='bbox 885 799 1108 902; x_wconf 79' lang='lat' dir='ltr'><strong>potiffimum</strong></span> <span class='ocrx_word' id='word_1_18' title='bbox 1130 826 1203 883; x_wconf 88' lang='lat' dir='ltr'><strong>nu·</strong></span> 
     </span>
     <span class='ocr_line' id='line_1_4' title="bbox 158 910 1203 1015; baseline 0.004 -22"><span class='ocrx_word' id='word_1_19' title='bbox 158 912 296 995; x_wconf 79' lang='lat' dir='ltr'><strong>aiiiima</strong></span> <span class='ocrx_word' id='word_1_20' title='bbox 335 915 436 992; x_wconf 79' lang='lat' dir='ltr'><strong>orbiu</strong></span> <span class='ocrx_word' id='word_1_21' title='bbox 473 917 511 990; x_wconf 91' lang='lat' dir='ltr'><strong>iu</strong></span> <span class='ocrx_word' id='word_1_22' title='bbox 552 910 771 1015; x_wconf 78' lang='lat' dir='ltr'><strong>Apocalypsi</strong></span> <span class='ocrx_word' id='word_1_23' title='bbox 820 912 1024 991; x_wconf 84' lang='lat' dir='ltr'><strong>adumbrari</strong></span> <span class='ocrx_word' id='word_1_24' title='bbox 1058 914 1203 997; x_wconf 78' lang='lat' dir='ltr'><strong>rulant.</strong></span> 
     </span>
     <span class='ocr_line' id='line_1_5' title="bbox 20 1021 1204 1130; baseline -0.002 -23"><span class='ocrx_word' id='word_1_25' title='bbox 20 1076 26 1087; x_wconf 42' lang='grc' dir='ltr'>ι</span> <span class='ocrx_word' id='word_1_26' title='bbox 160 1024 226 1107; x_wconf 84' lang='lat' dir='ltr'><strong>Sic</strong></span> <span class='ocrx_word' id='word_1_27' title='bbox 240 1048 329 1105; x_wconf 78' lang='lat' dir='ltr'><strong>veru</strong></span> <span class='ocrx_word' id='word_1_28' title='bbox 345 1024 639 1107; x_wconf 68' lang='lat' dir='ltr'><strong>habent-verba:</strong></span> <span class='ocrx_word' id='word_1_29' title='bbox 681 1080 705 1118; x_wconf 83' lang='lat'>„</span> <span class='ocrx_word' id='word_1_30' title='bbox 734 1021 804 1111; x_wconf 80' lang='lat' dir='ltr'><strong>iia.</strong></span> <span class='ocrx_word' id='word_1_31' title='bbox 836 1026 972 1124; x_wconf 79' lang='lat' dir='ltr'><strong>quain</strong></span> <span class='ocrx_word' id='word_1_32' title='bbox 993 1025 1204 1130; x_wconf 76' lang='lat' dir='ltr'><strong>Apocalyp-</strong></span> 
     </span>
     <span class='ocr_line' id='line_1_6' title="bbox 48 1126 1203 1235; baseline 0 -20"><span class='ocrx_word' id='word_1_33' title='bbox 48 1226 52 1235; x_wconf 48' lang='grc'>,</span> <span class='ocrx_word' id='word_1_34' title='bbox 115 1126 125 1146; x_wconf 84' lang='grc'><strong><em>’</em></strong></span> <span class='ocrx_word' id='word_1_35' title='bbox 158 1192 184 1234; x_wconf 75' lang='lat'><strong>„</strong></span> <span class='ocrx_word' id='word_1_36' title='bbox 211 1134 400 1216; x_wconf 83' lang='lat' dir='ltr'><strong>iiluauuia</strong></span> <span class='ocrx_word' id='word_1_37' title='bbox 429 1138 692 1222; x_wconf 78' lang='lat' dir='ltr'><strong>continentur..</strong></span> <span class='ocrx_word' id='word_1_38' title='bbox 727 1136 852 1214; x_wconf 80' lang='lat' dir='ltr'><strong>fratrea</strong></span> <span class='ocrx_word' id='word_1_39' title='bbox 883 1133 1095 1226; x_wconf 77' lang='lat' dir='ltr'><strong>charissimi,</strong></span> <span class='ocrx_word' id='word_1_40' title='bbox 1138 1140 1203 1217; x_wconf 83' lang='lat' dir='ltr'><strong>aii-</strong></span> 
     </span>
     <span class='ocr_line' id='line_1_7' title="bbox 159 1244 1201 1355; baseline 0.001 -26"><span class='ocrx_word' id='word_1_41' title='bbox 159 1292 186 1347; x_wconf 67' lang='lat'><strong>„</strong></span> <span class='ocrx_word' id='word_1_42' title='bbox 214 1250 345 1355; x_wconf 81' lang='lat' dir='ltr'><strong>quibua</strong></span> <span class='ocrx_word' id='word_1_43' title='bbox 381 1268 429 1325; x_wconf 83' lang='lat' dir='ltr'><strong>ex</strong></span> <span class='ocrx_word' id='word_1_44' title='bbox 473 1249 629 1350; x_wconf 77' lang='lat' dir='ltr'>antiquis</span> <span class='ocrx_word' id='word_1_45' title='bbox 667 1244 830 1327; x_wconf 67' lang='lat' dir='ltr'><strong>Paternus</strong></span> <span class='ocrx_word' id='word_1_46' title='bbox 867 1246 942 1325; x_wconf 87' lang='lat' dir='ltr'><strong>hoc</strong></span> <span class='ocrx_word' id='word_1_47' title='bbox 975 1248 1088 1325; x_wconf 85' lang='lat' dir='ltr'><strong>visum</strong></span> <span class='ocrx_word' id='word_1_48' title='bbox 1121 1250 1201 1341; x_wconf 84' lang='lat' dir='ltr'><strong>est.</strong></span> 
     </span>
     <span class='ocr_line' id='line_1_8' title="bbox 157 1359 1205 1573; baseline 0 -22"><span class='ocrx_word' id='word_1_49' title='bbox 157 1359 561 1569; x_wconf 53' lang='lat' dir='ltr'><strong>:siin-&#39;iiiiii</strong></span> <span class='ocrx_word' id='word_1_50' title='bbox 575 1373 1205 1573; x_wconf 54' lang='lat' dir='ltr'><strong>iitffititzissut‘triiit</strong></span> 
     </span>
     <span class='ocr_line' id='line_1_9' title="bbox 156 1580 1202 1684; baseline 0 -21"><span class='ocrx_word' id='word_1_51' title='bbox 156 1638 184 1683; x_wconf 83' lang='lat'><strong>,‚</strong></span> <span class='ocrx_word' id='word_1_52' title='bbox 211 1584 254 1663; x_wconf 83' lang='lat' dir='ltr'><strong>sti</strong></span> <span class='ocrx_word' id='word_1_53' title='bbox 272 1580 470 1684; x_wconf 81' lang='lat' dir='ltr'><strong>siguificare</strong></span> <span class='ocrx_word' id='word_1_54' title='bbox 488 1582 657 1661; x_wconf 79' lang='lat' dir='ltr'><strong>viduatur.</strong></span> <span class='ocrx_word' id='word_1_55' title='bbox 714 1580 770 1661; x_wconf 89' lang='lat' dir='ltr'><strong>liii</strong></span> <span class='ocrx_word' id='word_1_56' title='bbox 788 1594 933 1668; x_wconf 87' lang='lat' dir='ltr'><strong>autem,</strong></span> <span class='ocrx_word' id='word_1_57' title='bbox 963 1586 1026 1683; x_wconf 89' lang='lat' dir='ltr'><strong>qui</strong></span> <span class='ocrx_word' id='word_1_58' title='bbox 1044 1583 1202 1683; x_wconf 83' lang='lat' dir='ltr'><strong>diiigen-</strong></span> 
     </span>
     <span class='ocr_line' id='line_1_10' title="bbox 20 1692 1202 1795; baseline -0.006 -21"><span class='ocrx_word' id='word_1_59' title='bbox 20 1692 25 1707; x_wconf 83' lang='lat'>&#39;</span> <span class='ocrx_word' id='word_1_60' title='bbox 106 1720 116 1739; x_wconf 69' lang='lat'>²</span> <span class='ocrx_word' id='word_1_61' title='bbox 157 1750 184 1793; x_wconf 81' lang='lat'><strong>„</strong></span> <span class='ocrx_word' id='word_1_62' title='bbox 211 1698 284 1775; x_wconf 86' lang='lat' dir='ltr'><strong>tim</strong></span> <span class='ocrx_word' id='word_1_63' title='bbox 310 1694 575 1780; x_wconf 60' lang='lat' dir='ltr'><strong>manaverunt,</strong></span> <span class='ocrx_word' id='word_1_64' title='bbox 604 1692 705 1795; x_wconf 87' lang='lat' dir='ltr'><strong>quod</strong></span> <span class='ocrx_word' id='word_1_65' title='bbox 732 1717 799 1781; x_wconf 82' lang='lat' dir='ltr'><strong>aa,</strong></span> <span class='ocrx_word' id='word_1_66' title='bbox 838 1716 917 1793; x_wconf 80' lang='lat' dir='ltr'><strong>quae</strong></span> <span class='ocrx_word' id='word_1_67' title='bbox 938 1695 976 1769; x_wconf 92' lang='lat' dir='ltr'><strong>in</strong></span> <span class='ocrx_word' id='word_1_68' title='bbox 1004 1696 1078 1794; x_wconf 83' lang='lat' dir='ltr'><strong>ipsa</strong></span> <span class='ocrx_word' id='word_1_69' title='bbox 1100 1720 1202 1774; x_wconf 82' lang='lat' dir='ltr'><strong>rere.</strong></span> 
     </span>
     <span class='ocr_line' id='line_1_11' title="bbox 160 1800 1202 1916; baseline 0.002 -31"><span class='ocrx_word' id='word_1_70' title='bbox 160 1862 185 1903; x_wconf 77' lang='lat'><strong>„</strong></span> <span class='ocrx_word' id='word_1_71' title='bbox 212 1808 347 1885; x_wconf 75' lang='lat' dir='ltr'><strong>haione</strong></span> <span class='ocrx_word' id='word_1_72' title='bbox 372 1807 631 1916; x_wconf 85' lang='lat' dir='ltr'><strong>continentur,</strong></span> <span class='ocrx_word' id='word_1_73' title='bbox 661 1805 776 1883; x_wconf 84' lang='lat' dir='ltr'><strong>statim</strong></span> <span class='ocrx_word' id='word_1_74' title='bbox 795 1804 876 1905; x_wconf 83' lang='lat' dir='ltr'><strong>post</strong></span> <span class='ocrx_word' id='word_1_75' title='bbox 899 1800 1094 1904; x_wconf 78' lang='lat' dir='ltr'><strong>pasionem</strong></span> <span class='ocrx_word' id='word_1_76' title='bbox 1114 1806 1202 1889; x_wconf 87' lang='lat' dir='ltr'><strong>Du-</strong></span> 
     </span>
     <span class='ocr_line' id='line_1_12' title="bbox 160 1913 1200 2014; baseline 0 -15"><span class='ocrx_word' id='word_1_77' title='bbox 160 1973 185 2014; x_wconf 78' lang='lat'><strong>„</strong></span> <span class='ocrx_word' id='word_1_78' title='bbox 213 1921 303 1999; x_wconf 82' lang='lat' dir='ltr'><strong>mini</strong></span> <span class='ocrx_word' id='word_1_79' title='bbox 328 1917 506 1995; x_wconf 76' lang='lat' dir='ltr'><strong>saltatoria</strong></span> <span class='ocrx_word' id='word_1_80' title='bbox 539 1918 650 1994; x_wconf 89' lang='lat' dir='ltr'><strong>nostri</strong></span> <span class='ocrx_word' id='word_1_81' title='bbox 679 1914 828 1995; x_wconf 86' lang='lat' dir='ltr'><strong>suerunt</strong></span> <span class='ocrx_word' id='word_1_82' title='bbox 852 1913 1045 2007; x_wconf 85' lang='lat' dir='ltr'><strong>inchoata,</strong></span> <span class='ocrx_word' id='word_1_83' title='bbox 1090 1923 1200 1999; x_wconf 81' lang='lat' dir='ltr'><strong>etita</strong></span> 
     </span>
     <span class='ocr_line' id='line_1_13' title="bbox 141 2027 1197 2130; baseline 0.003 -23"><span class='ocrx_word' id='word_1_84' title='bbox 141 2086 182 2129; x_wconf 40' lang='lat'><strong>2„</strong></span> <span class='ocrx_word' id='word_1_85' title='bbox 210 2028 294 2114; x_wconf 86' lang='lat' dir='ltr'><strong>sunt</strong></span> <span class='ocrx_word' id='word_1_86' title='bbox 311 2027 421 2130; x_wconf 84' lang='lat' dir='ltr'><strong>usquc</strong></span> <span class='ocrx_word' id='word_1_87' title='bbox 443 2029 600 2107; x_wconf 75' lang='lat' dir='ltr'><strong>aduren</strong></span> <span class='ocrx_word' id='word_1_88' title='bbox 619 2027 739 2107; x_wconf 86' lang='lat' dir='ltr'><strong>iudicii</strong></span> <span class='ocrx_word' id='word_1_89' title='bbox 755 2027 1061 2117; x_wconf 85' lang='lat' dir='ltr'><strong>consummanda.</strong></span> <span class='ocrx_word' id='word_1_90' title='bbox 1078 2086 1102 2125; x_wconf 84' lang='lat'>„</span> <span class='ocrx_word' id='word_1_91' title='bbox 1151 2047 1197 2110; x_wconf 85' lang='lat' dir='ltr'><strong>ut</strong></span> 
     </span>
     <span class='ocr_line' id='line_1_14' title="bbox 157 2136 1235 2247; baseline 0 -26"><span class='ocrx_word' id='word_1_92' title='bbox 157 2165 267 2247; x_wconf 82' lang='lat' dir='ltr'><strong>parva</strong></span> <span class='ocrx_word' id='word_1_93' title='bbox 296 2143 420 2244; x_wconf 84' lang='lat' dir='ltr'><strong>portio</strong></span> <span class='ocrx_word' id='word_1_94' title='bbox 451 2140 679 2247; x_wconf 82' lang='lat' dir='ltr'><strong>temporibuu</strong></span> <span class='ocrx_word' id='word_1_95' title='bbox 707 2136 914 2228; x_wconf 68' lang='lat' dir='ltr'><strong>mactetui</strong></span> <span class='ocrx_word' id='word_1_96' title='bbox 939 2163 1124 2225; x_wconf 82' lang='lat' dir='ltr'><strong>remanere</strong></span> <span class='ocrx_word' id='word_1_97' title='bbox 1145 2146 1202 2221; x_wconf 80' lang='lat' dir='ltr'><strong>ui·</strong></span> <span class='ocrx_word' id='word_1_98' title='bbox 1232 2172 1235 2195; x_wconf 48' lang='grc' dir='ltr'>ι</span> 
     </span>
     <span class='ocr_line' id='line_1_15' title="bbox 65 2254 833 2337; baseline -0.007 0"><span class='ocrx_word' id='word_1_99' title='bbox 65 2284 74 2307; x_wconf 71' lang='grc'><em>’</em></span> <span class='ocrx_word' id='word_1_100' title='bbox 157 2254 295 2337; x_wconf 78' lang='lat' dir='ltr'><strong>deutur.</strong></span> <span class='ocrx_word' id='word_1_101' title='bbox 830 2298 833 2303; x_wconf 90' lang='lat'>·</span> 
     </span>
    </p>
   </div>
   <div class='ocr_carea' id='block_1_2' title="bbox 148 2412 1206 4304">
    <p class='ocr_par' dir='ltr' id='par_1_2' title="bbox 148 2412 1206 4304">
     <span class='ocr_line' id='line_1_16' title="bbox 213 2412 1200 2517; baseline -0.005 -20"><span class='ocrx_word' id='word_1_102' title='bbox 213 2417 287 2497; x_wconf 80' lang='lat' dir='ltr'><strong>Alia</strong></span> <span class='ocrx_word' id='word_1_103' title='bbox 308 2416 357 2492; x_wconf 87' lang='lat' dir='ltr'><strong>eii</strong></span> <span class='ocrx_word' id='word_1_104' title='bbox 378 2412 547 2493; x_wconf 85' lang='lat' dir='ltr'><strong>sententia</strong></span> <span class='ocrx_word' id='word_1_105' title='bbox 566 2417 602 2492; x_wconf 86' lang='lat' dir='ltr'><strong>in</strong></span> <span class='ocrx_word' id='word_1_106' title='bbox 624 2417 810 2517; x_wconf 82' lang='lat' dir='ltr'><strong>prooemio</strong></span> <span class='ocrx_word' id='word_1_107' title='bbox 834 2416 1085 2495; x_wconf 87' lang='lat' dir='ltr'><strong>commentarii</strong></span> <span class='ocrx_word' id='word_1_108' title='bbox 1112 2412 1200 2493; x_wconf 84' lang='lat' dir='ltr'><strong>Are·</strong></span> 
     </span>
     <span class='ocr_line' id='line_1_17' title="bbox 156 2524 1197 2627; baseline -0.002 -19"><span class='ocrx_word' id='word_1_109' title='bbox 156 2542 203 2608; x_wconf 88' lang='lat' dir='ltr'><strong>tae</strong></span> <span class='ocrx_word' id='word_1_110' title='bbox 228 2526 393 2605; x_wconf 80' lang='lat' dir='ltr'><strong>Caesareae</strong></span> <span class='ocrx_word' id='word_1_111' title='bbox 423 2527 582 2627; x_wconf 90' lang='lat' dir='ltr'><strong>Cappad.</strong></span> <span class='ocrx_word' id='word_1_112' title='bbox 617 2527 718 2626; x_wconf 84' lang='lat' dir='ltr'><strong>episc.</strong></span> <span class='ocrx_word' id='word_1_113' title='bbox 746 2527 790 2602; x_wconf 94' lang='lat' dir='ltr'><strong>ad</strong></span> <span class='ocrx_word' id='word_1_114' title='bbox 819 2527 954 2607; x_wconf 80' lang='lat' dir='ltr'><strong>calcem</strong></span> <span class='ocrx_word' id='word_1_115' title='bbox 982 2525 1027 2603; x_wconf 84' lang='lat' dir='ltr'><strong>T.</strong></span> <span class='ocrx_word' id='word_1_116' title='bbox 1063 2524 1106 2605; x_wconf 87' lang='lat' dir='ltr'><strong>ll.</strong></span> <span class='ocrx_word' id='word_1_117' title='bbox 1138 2527 1197 2606; x_wconf 87' lang='lat' dir='ltr'><strong>ed.</strong></span> 
     </span>
     <span class='ocr_line' id='line_1_18' title="bbox 156 2636 1198 2739; baseline -0.002 -23"><span class='ocrx_word' id='word_1_118' title='bbox 156 2638 261 2724; x_wconf 84' lang='lat' dir='ltr'><strong>Paris</strong></span> <span class='ocrx_word' id='word_1_119' title='bbox 293 2662 347 2717; x_wconf 88' lang='lat' dir='ltr'><strong>an.</strong></span> <span class='ocrx_word' id='word_1_120' title='bbox 374 2651 445 2724; x_wconf 85' lang='lat'><strong>163</strong></span> <span class='ocrx_word' id='word_1_121' title='bbox 461 2660 489 2711; x_wconf 86' lang='lat' dir='ltr'><strong>r.</strong></span> <span class='ocrx_word' id='word_1_122' title='bbox 520 2638 719 2736; x_wconf 78' lang='lat' dir='ltr'><strong>explicata,</strong></span> <span class='ocrx_word' id='word_1_123' title='bbox 751 2636 945 2716; x_wconf 90' lang='lat' dir='ltr'><strong>secundum</strong></span> <span class='ocrx_word' id='word_1_124' title='bbox 969 2660 1075 2739; x_wconf 90' lang='lat' dir='ltr'><strong>quam</strong></span> <span class='ocrx_word' id='word_1_125' title='bbox 1096 2637 1198 2736; x_wconf 80' lang='lat' dir='ltr'><strong>Apo-</strong></span> 
     </span>
     <span class='ocr_line' id='line_1_19' title="bbox 157 2746 1199 2855; baseline -0.001 -27"><span class='ocrx_word' id='word_1_126' title='bbox 157 2746 307 2855; x_wconf 82' lang='lat' dir='ltr'><strong>calypfis</strong></span> <span class='ocrx_word' id='word_1_127' title='bbox 340 2747 587 2848; x_wconf 77' lang='lat' dir='ltr'>quadrifariam</span> <span class='ocrx_word' id='word_1_128' title='bbox 606 2746 796 2836; x_wconf 86' lang='lat' dir='ltr'><strong>dividitur,</strong></span> <span class='ocrx_word' id='word_1_129' title='bbox 828 2751 900 2835; x_wconf 89' lang='lat' dir='ltr'><strong>ita,</strong></span> <span class='ocrx_word' id='word_1_130' title='bbox 925 2766 965 2829; x_wconf 86' lang='lat' dir='ltr'><strong>ut</strong></span> <span class='ocrx_word' id='word_1_131' title='bbox 981 2750 1199 2848; x_wconf 75' lang='lat' dir='ltr'><strong>compieiia-</strong></span> 
     </span>
     <span class='ocr_line' id='line_1_20' title="bbox 154 2859 1198 2961; baseline -0.005 -21"><span class='ocrx_word' id='word_1_132' title='bbox 154 2874 216 2940; x_wconf 89' lang='lat' dir='ltr'><strong>tur</strong></span> <span class='ocrx_word' id='word_1_133' title='bbox 244 2859 288 2935; x_wconf 92' lang='lat' dir='ltr'><strong>ab</strong></span> <span class='ocrx_word' id='word_1_134' title='bbox 317 2859 471 2939; x_wconf 86' lang='lat' dir='ltr'><strong>exordio</strong></span> <span class='ocrx_word' id='word_1_135' title='bbox 496 2861 538 2941; x_wconf 89' lang='lat' dir='ltr'><strong>ad</strong></span> <span class='ocrx_word' id='word_1_136' title='bbox 563 2860 700 2937; x_wconf 83' lang='lat' dir='ltr'><strong>sextum</strong></span> <span class='ocrx_word' id='word_1_137' title='bbox 734 2859 844 2961; x_wconf 88' lang='lat' dir='ltr'><strong>usque</strong></span> <span class='ocrx_word' id='word_1_138' title='bbox 863 2875 970 2961; x_wconf 91' lang='lat' dir='ltr'><strong>caput</strong></span> <span class='ocrx_word' id='word_1_139' title='bbox 996 2862 1198 2937; x_wconf 69' lang='lat' dir='ltr'><strong>instructio·</strong></span> 
     </span>
     <span class='ocr_line' id='line_1_21' title="bbox 153 2969 1197 3071; baseline 0 -21"><span class='ocrx_word' id='word_1_140' title='bbox 153 2997 219 3050; x_wconf 88' lang='lat' dir='ltr'><strong>nes</strong></span> <span class='ocrx_word' id='word_1_141' title='bbox 249 2969 476 3049; x_wconf 83' lang='lat' dir='ltr'><strong>ecclefiatum</strong></span> <span class='ocrx_word' id='word_1_142' title='bbox 498 2970 611 3060; x_wconf 79' lang='lat' dir='ltr'><strong>nfiae,</strong></span> <span class='ocrx_word' id='word_1_143' title='bbox 658 2973 901 3050; x_wconf 85' lang='lat' dir='ltr'><strong>intermiscens</strong></span> <span class='ocrx_word' id='word_1_144' title='bbox 922 2989 958 3049; x_wconf 88' lang='lat' dir='ltr'><strong>et</strong></span> <span class='ocrx_word' id='word_1_145' title='bbox 983 2973 1197 3071; x_wconf 88' lang='lat' dir='ltr'><strong>prophetica</strong></span> 
     </span>
     <span class='ocr_line' id='line_1_22' title="bbox 153 3083 1198 3186; baseline 0 -25"><span class='ocrx_word' id='word_1_146' title='bbox 153 3085 200 3163; x_wconf 88' lang='lat' dir='ltr'><strong>de</strong></span> <span class='ocrx_word' id='word_1_147' title='bbox 221 3086 323 3160; x_wconf 81' lang='lat' dir='ltr'><strong>variis</strong></span> <span class='ocrx_word' id='word_1_148' title='bbox 353 3083 572 3180; x_wconf 77' lang='lat' dir='ltr'><strong>haeressbus3</strong></span> <span class='ocrx_word' id='word_1_149' title='bbox 601 3084 738 3163; x_wconf 88' lang='lat' dir='ltr'><strong>asexto</strong></span> <span class='ocrx_word' id='word_1_150' title='bbox 754 3089 869 3186; x_wconf 90' lang='lat' dir='ltr'><strong>capite</strong></span> <span class='ocrx_word' id='word_1_151' title='bbox 892 3084 1002 3185; x_wconf 88' lang='lat' dir='ltr'><strong>usque</strong></span> <span class='ocrx_word' id='word_1_152' title='bbox 1029 3085 1073 3160; x_wconf 83' lang='lat' dir='ltr'><strong>ad</strong></span> <span class='ocrx_word' id='word_1_153' title='bbox 1103 3085 1198 3161; x_wconf 79' lang='lat' dir='ltr'><strong>duo-</strong></span> 
     </span>
     <span class='ocr_line' id='line_1_23' title="bbox 155 3194 1196 3296; baseline -0.002 -22"><span class='ocrx_word' id='word_1_154' title='bbox 155 3197 338 3276; x_wconf 85' lang='lat' dir='ltr'><strong>decimum</strong></span> <span class='ocrx_word' id='word_1_155' title='bbox 362 3195 569 3295; x_wconf 83' lang='lat' dir='ltr'><strong>Synagogae</strong></span> <span class='ocrx_word' id='word_1_156' title='bbox 595 3199 897 3296; x_wconf 87' lang='lat' dir='ltr'><strong>abrogationem,</strong></span> <span class='ocrx_word' id='word_1_157' title='bbox 928 3221 947 3274; x_wconf 91' lang='lat' dir='ltr'>a</span> <span class='ocrx_word' id='word_1_158' title='bbox 974 3194 1196 3273; x_wconf 89' lang='lat' dir='ltr'><strong>duodecimo</strong></span> 
     </span>
     <span class='ocr_line' id='line_1_24' title="bbox 152 3307 1195 3412; baseline -0.007 -23"><span class='ocrx_word' id='word_1_159' title='bbox 152 3311 265 3412; x_wconf 86' lang='lat' dir='ltr'><strong>usque</strong></span> <span class='ocrx_word' id='word_1_160' title='bbox 301 3308 344 3384; x_wconf 88' lang='lat' dir='ltr'><strong>ad</strong></span> <span class='ocrx_word' id='word_1_161' title='bbox 380 3309 565 3385; x_wconf 89' lang='lat' dir='ltr'><strong>decimum</strong></span> <span class='ocrx_word' id='word_1_162' title='bbox 601 3333 745 3385; x_wconf 90' lang='lat' dir='ltr'><strong>nonum</strong></span> <span class='ocrx_word' id='word_1_163' title='bbox 782 3307 961 3386; x_wconf 86' lang='lat' dir='ltr'><strong>excidium</strong></span> <span class='ocrx_word' id='word_1_164' title='bbox 1001 3307 1195 3404; x_wconf 74' lang='lat' dir='ltr'><strong>gentilismi</strong></span> 
     </span>
     <span class='ocr_line' id='line_1_25' title="bbox 149 3416 1197 3520; baseline -0.003 -21"><span class='ocrx_word' id='word_1_165' title='bbox 149 3421 216 3499; x_wconf 88' lang='lat' dir='ltr'><strong>sub</strong></span> <span class='ocrx_word' id='word_1_166' title='bbox 247 3434 340 3520; x_wconf 82' lang='lat' dir='ltr'>typo</span> <span class='ocrx_word' id='word_1_167' title='bbox 366 3416 587 3517; x_wconf 81' lang='lat' dir='ltr'><strong>potissimum</strong></span> <span class='ocrx_word' id='word_1_168' title='bbox 620 3417 817 3519; x_wconf 84' lang='lat' dir='ltr'>Babylonia</span> <span class='ocrx_word' id='word_1_169' title='bbox 845 3442 887 3496; x_wconf 88' lang='lat' dir='ltr'><strong>ac</strong></span> <span class='ocrx_word' id='word_1_170' title='bbox 915 3417 1066 3505; x_wconf 75' lang='lat' dir='ltr'><strong>Roma,</strong></span> <span class='ocrx_word' id='word_1_171' title='bbox 1115 3442 1197 3520; x_wconf 81' lang='lat' dir='ltr'><strong>quae</strong></span> 
     </span>
     <span class='ocr_line' id='line_1_26' title="bbox 148 3527 1197 3630; baseline -0.003 -21"><span class='ocrx_word' id='word_1_172' title='bbox 148 3529 301 3609; x_wconf 87' lang='lat' dir='ltr'><strong>habebat</strong></span> <span class='ocrx_word' id='word_1_173' title='bbox 329 3529 464 3628; x_wconf 86' lang='lat' dir='ltr'><strong>septem</strong></span> <span class='ocrx_word' id='word_1_174' title='bbox 496 3529 632 3616; x_wconf 86' lang='lat' dir='ltr'><strong>colles,</strong></span> <span class='ocrx_word' id='word_1_175' title='bbox 664 3532 725 3630; x_wconf 91' lang='lat' dir='ltr'><strong>qui</strong></span> <span class='ocrx_word' id='word_1_176' title='bbox 756 3530 815 3608; x_wconf 90' lang='lat' dir='ltr'><strong>hic</strong></span> <span class='ocrx_word' id='word_1_177' title='bbox 837 3530 1007 3611; x_wconf 87' lang='lat' dir='ltr'><strong>dicuntur</strong></span> <span class='ocrx_word' id='word_1_178' title='bbox 1030 3527 1197 3609; x_wconf 79' lang='lat' dir='ltr'><strong>essecut-</strong></span> 
     </span>
     <span class='ocr_line' id='line_1_27' title="bbox 148 3640 1194 3743; baseline -0.004 -22"><span class='ocrx_word' id='word_1_179' title='bbox 148 3666 221 3722; x_wconf 89' lang='lat' dir='ltr'><strong>uua</strong></span> <span class='ocrx_word' id='word_1_180' title='bbox 247 3641 362 3719; x_wconf 80' lang='lat' dir='ltr'><strong>bestia</strong></span> <span class='ocrx_word' id='word_1_181' title='bbox 393 3640 627 3743; x_wconf 89' lang='lat' dir='ltr'><strong>superquam</strong></span> <span class='ocrx_word' id='word_1_182' title='bbox 659 3642 856 3729; x_wconf 84' lang='lat' dir='ltr'><strong>meretrix,</strong></span> <span class='ocrx_word' id='word_1_183' title='bbox 901 3640 970 3718; x_wconf 87' lang='lat' dir='ltr'><strong>five</strong></span> <span class='ocrx_word' id='word_1_184' title='bbox 1002 3641 1194 3728; x_wconf 83' lang='lat' dir='ltr'><strong>idolatria,</strong></span> 
     </span>
     <span class='ocr_line' id='line_1_28' title="bbox 149 3751 1197 3853; baseline 0.001 -23"><span class='ocrx_word' id='word_1_185' title='bbox 149 3758 214 3830; x_wconf 82' lang='lat' dir='ltr'><strong>aut</strong></span> <span class='ocrx_word' id='word_1_186' title='bbox 241 3751 468 3852; x_wconf 82' lang='lat' dir='ltr'><strong>gentilismua</strong></span> <span class='ocrx_word' id='word_1_187' title='bbox 497 3752 614 3846; x_wconf 91' lang='lat' dir='ltr'><strong>sedet;</strong></span> <span class='ocrx_word' id='word_1_188' title='bbox 645 3753 704 3831; x_wconf 92' lang='lat' dir='ltr'><strong>hic</strong></span> <span class='ocrx_word' id='word_1_189' title='bbox 721 3757 817 3830; x_wconf 90' lang='lat' dir='ltr'><strong>enim</strong></span> <span class='ocrx_word' id='word_1_190' title='bbox 838 3757 1017 3853; x_wconf 75' lang='lat' dir='ltr'><strong>precipue</strong></span> <span class='ocrx_word' id='word_1_191' title='bbox 1049 3755 1197 3852; x_wconf 85' lang='lat' dir='ltr'><strong>vigebat</strong></span> 
     </span>
     <span class='ocr_line' id='line_1_29' title="bbox 149 3863 1197 3966; baseline 0.001 -26"><span class='ocrx_word' id='word_1_192' title='bbox 149 3864 376 3964; x_wconf 81' lang='lat' dir='ltr'><strong>gentilismus</strong></span> <span class='ocrx_word' id='word_1_193' title='bbox 396 3887 405 3941; x_wconf 80' lang='lat' dir='ltr'><strong>r</strong></span> <span class='ocrx_word' id='word_1_194' title='bbox 425 3888 444 3941; x_wconf 88' lang='lat' dir='ltr'>a</span> <span class='ocrx_word' id='word_1_195' title='bbox 468 3864 612 3943; x_wconf 87' lang='lat' dir='ltr'><strong>decimu</strong></span> <span class='ocrx_word' id='word_1_196' title='bbox 637 3889 741 3942; x_wconf 90' lang='lat' dir='ltr'><strong>nono</strong></span> <span class='ocrx_word' id='word_1_197' title='bbox 763 3866 874 3966; x_wconf 90' lang='lat' dir='ltr'><strong>usque</strong></span> <span class='ocrx_word' id='word_1_198' title='bbox 901 3870 936 3941; x_wconf 93' lang='lat' dir='ltr'><strong>in</strong></span> <span class='ocrx_word' id='word_1_199' title='bbox 960 3863 1068 3946; x_wconf 84' lang='lat' dir='ltr'><strong>finem</strong></span> <span class='ocrx_word' id='word_1_200' title='bbox 1094 3869 1197 3942; x_wconf 86' lang='lat' dir='ltr'><strong>iuxta</strong></span> 
     </span>
     <span class='ocr_line' id='line_1_30' title="bbox 149 3973 1206 4077; baseline -0.002 -23"><span class='ocrx_word' id='word_1_201' title='bbox 149 3982 310 4054; x_wconf 82' lang='lat' dir='ltr'><strong>eundem</strong></span> <span class='ocrx_word' id='word_1_202' title='bbox 330 3979 450 4074; x_wconf 85' lang='lat' dir='ltr'><strong>agitur</strong></span> <span class='ocrx_word' id='word_1_203' title='bbox 476 3976 522 4055; x_wconf 89' lang='lat' dir='ltr'><strong>de</strong></span> <span class='ocrx_word' id='word_1_204' title='bbox 548 4001 665 4076; x_wconf 89' lang='lat' dir='ltr'><strong>regno</strong></span> <span class='ocrx_word' id='word_1_205' title='bbox 686 3974 817 4057; x_wconf 87' lang='lat' dir='ltr'><strong>Christi</strong></span> <span class='ocrx_word' id='word_1_206' title='bbox 840 3982 875 4053; x_wconf 89' lang='lat' dir='ltr'><strong>in</strong></span> <span class='ocrx_word' id='word_1_207' title='bbox 893 3976 1053 4077; x_wconf 81' lang='lat' dir='ltr'><strong>prasenti</strong></span> <span class='ocrx_word' id='word_1_208' title='bbox 1074 3973 1206 4053; x_wconf 71' lang='lat' dir='ltr'><strong>acere..</strong></span> 
     </span>
     <span class='ocr_line' id='line_1_31' title="bbox 149 4085 1199 4189; baseline -0.001 -26"><span class='ocrx_word' id='word_1_209' title='bbox 149 4085 217 4177; x_wconf 80' lang='lat' dir='ltr'><strong>fia,</strong></span> <span class='ocrx_word' id='word_1_210' title='bbox 249 4086 369 4163; x_wconf 86' lang='lat' dir='ltr'><strong>addita</strong></span> <span class='ocrx_word' id='word_1_211' title='bbox 384 4111 461 4189; x_wconf 93' lang='lat' dir='ltr'><strong>cap.</strong></span> <span class='ocrx_word' id='word_1_212' title='bbox 482 4108 544 4163; x_wconf 82' lang='lat'><strong>20.</strong></span> <span class='ocrx_word' id='word_1_213' title='bbox 571 4088 694 4165; x_wconf 89' lang='lat' dir='ltr'><strong>ultima</strong></span> <span class='ocrx_word' id='word_1_214' title='bbox 716 4088 762 4164; x_wconf 85' lang='lat' dir='ltr'><strong>de</strong></span> <span class='ocrx_word' id='word_1_215' title='bbox 782 4087 889 4188; x_wconf 83' lang='lat' dir='ltr'><strong>ipsius</strong></span> <span class='ocrx_word' id='word_1_216' title='bbox 909 4090 1061 4165; x_wconf 86' lang='lat' dir='ltr'><strong>inimicis</strong></span> <span class='ocrx_word' id='word_1_217' title='bbox 1082 4088 1199 4164; x_wconf 71' lang='lat' dir='ltr'><strong>vitiu-</strong></span> 
     </span>
     <span class='ocr_line' id='line_1_32' title="bbox 150 4197 1197 4304; baseline 0.001 -28"><span class='ocrx_word' id='word_1_218' title='bbox 150 4201 213 4280; x_wconf 80' lang='lat' dir='ltr'><strong>ria.</strong></span> <span class='ocrx_word' id='word_1_219' title='bbox 270 4197 349 4281; x_wconf 79' lang='lat' dir='ltr'><strong>ntra</strong></span> <span class='ocrx_word' id='word_1_220' title='bbox 367 4202 616 4281; x_wconf 86' lang='lat' dir='ltr'><strong>recentiorum</strong></span> <span class='ocrx_word' id='word_1_221' title='bbox 636 4200 818 4304; x_wconf 80' lang='lat' dir='ltr'><strong>systemata</strong></span> <span class='ocrx_word' id='word_1_222' title='bbox 835 4198 1021 4287; x_wconf 78' lang='lat' dir='ltr'><strong>Calmetus</strong></span> <span class='ocrx_word' id='word_1_223' title='bbox 1040 4202 1076 4284; x_wconf 89' lang='lat' dir='ltr'><strong>in</strong></span> <span class='ocrx_word' id='word_1_224' title='bbox 1098 4199 1197 4298; x_wconf 81' lang='lat' dir='ltr'><strong>pras.</strong></span> 
     </span>
    </p>
   </div>
   <div class='ocr_carea' id='block_1_3' title="bbox 1064 4278 1199 4408">
    <p class='ocr_par' dir='ltr' id='par_1_3' title="bbox 1064 4278 1199 4408">
     <span class='ocr_line' id='line_1_33' title="bbox 1064 4278 1199 4408; baseline -0.007 0"><span class='ocrx_word' id='word_1_225' title='bbox 1064 4327 1138 4408; x_wconf 77' lang='lat' dir='ltr'><strong>aa.</strong></span> <span class='ocrx_word' id='word_1_226' title='bbox 1196 4278 1199 4283; x_wconf 61' lang='grc'><strong>’</strong></span> 
     </span>
    </p>
   </div>
   <div class='ocr_carea' id='block_1_4' title="bbox 0 0 1258 4958">
    <p class='ocr_par' dir='ltr' id='par_1_4' title="bbox 0 0 1258 4958">
     <span class='ocr_line' id='line_1_34' title="bbox 0 0 1258 4958; baseline 0 1"><span class='ocrx_word' id='word_1_227' title='bbox 0 0 1258 4958; x_wconf 95' lang='lat' dir='ltr'><strong> </strong></span> 
     </span>
    </p>
   </div>
  </div>
 </body>
</html>
