2506 4958
279 261 433 338 regnum
458 233 588 328 Christi
607 238 649 313 in
666 238 781 316 terris.
805 260 833 316 r.
854 233 976 316 XLII.
1096 260 1142 338 51

106 405 341 497 „immunes
376 401 532 496 essent,
592 401 717 502 ltaque
755 400 994 490 Gennadius,
1032 426 1142 504 quem

108 533 197 597 tunc
218 519 356 594 vocatis
381 515 519 592 aclero
547 512 746 614 Cpolitano
782 518 979 591 vicinarum
1008 537 1145 594 metro.

106 629 249 729 poliunt
276 626 480 728 praesulibus
512 648 557 702 ex
590 625 807 703 monasterio
842 627 1041 705 extrarium
1070 634 1143 726 (ut

106 741 181 819 fere
203 739 261 827 lit,
291 740 496 840 fedumque
522 738 590 814 fuit
612 742 649 812 in
679 734 867 826 Oriente)
905 739 1144 839 patriarcham

107 853 325 950 elegerunt,
356 854 507 952 eiusque
536 847 749 927 luccellores
776 851 926 950 pristino
958 874 1061 928 more
1086 854 1173 934 ec.'

113 964 298 1042 clesrastica
331 970 477 1062 negotia
511 959 711 1061 gelletunt:
743 985 785 1039 ac
808 962 1015 1062 patriarcha
1043 968 1146 1043 dein.

107 1100 191 1176 ceps
212 1074 400 1153 consuetas
438 1075 568 1151 habete
595 1070 755 1174 synodos
784 1089 1005 1174 coeperunt,
1035 1101 1143 1156 voca.

109 1192 153 1266 tis
177 1213 196 1266 a
214 1189 269 1276 ie,
284 1203 346 1265 aut
366 1187 445 1265 sede
463 1200 609 1263 vacante
625 1210 644 1263 a
660 1186 758 1263 clero
781 1187 824 1263 ad
849 1211 936 1277 eas,
969 1206 1010 1265 ut
1029 1192 1142 1282 olim,

108 1301 255 1377 ditionis
285 1299 353 1377 suae
381 1298 624 1398 metropolitis
657 1308 694 1376 et
733 1298 934 1400 episcopis,
984 1323 1147 1404 quorum

106 1412 282 1500 confiliis,
329 1411 545 1513 calculisque
581 1406 734 1488 ecclefiae
758 1414 870 1487 tutius
918 1410 987 1491 luae
1023 1415 1145 1494 causas

107 1526 283 1609 trallunt,
334 1541 370 1601 et
398 1521 536 1600 finiunt
600 1522 719 1617 Quod
757 1547 844 1601 veto
871 1523 1083 1605 electionem
1107 1542 1146 1607 et

107 1640 382 1737 promotionem
413 1632 694 1736 patriarcharum
717 1638 874 1721 attinet,
907 1661 961 1713 res
989 1641 1028 1713 in
1047 1639 1147 1718 dido

105 1750 279 1827 libertatis
308 1750 396 1824 statu
424 1744 551 1823 mansit
576 1747 638 1822 sub
657 1745 851 1824 Gennadio
872 1745 947 1824 hoc
962 1745 1006 1826 11.
1033 1749 1146 1829 lsrdo·

107 1886 151 1938 ro
176 1860 219 1939 ll.
251 1859 407 1959 loalaph.
424 1851 449 1936 l.
473 1872 508 1934 et
531 1852 662 1934 Marco
684 1857 911 1955 patriarchis,
941 1857 1029 1936 dum
1055 1859 1148 1941 Tra.

108 1975 423 2073 pezuntinorum,
458 1967 589 2071 quibus
620 1968 743 2069 postea
763 1970 861 2046 urbis
890 1972 1015 2068 portio
1042 1972 1147 2052 iuco-

108 2084 213 2161 lenda
240 2083 319 2160 data
342 2095 453 2170 erat,
498 2078 605 2157 fallio
649 2073 780 2160 Marco
818 2078 959 2159 infidias
982 2083 1143 2207 llpuxit,

107 2196 303 2296 oblataque
335 2193 472 2272 Sultani
509 2185 585 2269 lilio
629 2194 781 2295 pecunia
813 2195 912 2273 mille
948 2184 1145 2278 aureorum

108 2312 378 2408 impetrarunt,
422 2320 463 2384 ut
490 2298 621 2400 Marco
650 2303 790 2393 eieilo,
820 2306 969 2385 Simeon
1006 2307 1146 2408 Trape-

107 2424 346 2497 zuntinorum
386 2420 423 2495 in
454 2416 572 2494 sedem
604 2416 835 2518 Cpolitanam
871 2418 1142 2503 intruderetur:

108 2556 187 2632 quo
222 2530 393 2631 exemplo
412 2529 507 2607 labes
532 2529 725 2607 fimoniaca
749 2533 784 2605 in
812 2528 893 2607 alius
918 2535 1024 2608 etiam
1046 2534 1143 2611 ledes

107 2646 157 2736 est
173 2643 277 2720 illata.
338 2642 393 2720 Ad
408 2658 613 2719 extremum
629 2664 738 2739 agens
756 2640 795 2719 P.
812 2639 864 2718 Le
884 2642 1007 2735 Quren
1028 2668 1057 2721 c.
1078 2666 1144 2724 20.

108 2756 153 2833 de
174 2755 358 2854 Cpolitani
380 2752 635 2851 patriarchatus
652 2753 908 2841 decrementis,
941 2757 977 2829 in
993 2753 1145 2837 Floren.

101 2873 181 2969 tina
203 2866 341 2966 l'ynodo
366 2865 449 2942 ideo
471 2863 559 2940 nihil
579 2864 756 2951 durabile,
787 2864 887 2963 quod
907 2868 1146 2946 concordiam

107 2982 231 3056 initam
251 2976 396 3078 spectat,
429 2974 634 3057 conlellum
653 2974 720 3053 elle
743 2977 851 3062 dicit,
883 2977 984 3077 quod
1001 2978 1046 3055 ad
1065 3002 1145 3057 eam

108 3095 281 3168 nimirum
308 3089 425 3168 Gtaeci
463 3090 711 3166 contentionis
749 3092 872 3189 potius
905 3101 942 3166 et
975 3089 1146 3175 uincendi

107 3207 269 3280 animum
288 3202 495 3289 attulerint,
527 3225 633 3301 quam
654 3203 822 3287 unitatis,
855 3203 1024 3302 pacisque
1049 3203 1147 3279 chri·

108 3317 224 3392 stianae
258 3313 470 3392 stabiltendae
504 3314 684 3393 studium:
728 3308 772 3389 ad
805 3307 908 3400 haec,
958 3332 1143 3394 notorum

109 3430 314 3522 iurgiorum
351 3423 576 3503 occafionem
610 3420 743 3511 auxilie
782 3425 932 3524 prolana
970 3422 1146 3525 Gregorii

111 3536 259 3615 Palumae
283 3536 432 3625 deliria,
490 3536 650 3637 illudque
679 3538 856 3636 imprimis
880 3533 1022 3616 fanatici
1049 3537 1145 3619 illius

110 3645 428 3726 Thellalunicensrs
453 3646 710 3751 archiepiscopi
735 3651 955 3749 ptaecipuum
972 3644 1146 3729 doiirinae

111 3776 246 3858 capot,
279 3783 355 3861 quo
378 3758 500 3838 Deum
532 3758 650 3838 lucem
677 3759 739 3838 libi
766 3779 945 3850 coaeuaur,
974 3761 1146 3865 usuimet

109 3871 299 3952 substantia
327 3870 499 3953 diversam
528 3872 706 3976 prorius,
735 3869 957 3966 inhabitare,
995 3876 1147 3976 eiusque

581 4008 619 4091 D
648 4028 673 4093 2
1001 4013 1088 4090 iren
