2506 4958
220 331 223 341 Ι
253 243 406 323 regnum
426 218 558 308 chrisi
572 224 614 298 in
627 222 748 300 ternis.
767 244 795 300 t.
814 219 877 303 Ll.
1001 222 1086 321 §73

92 386 152 469 ius
175 386 254 475 ille,
282 385 529 465 collaborante
552 397 652 485 patre
674 386 750 464 eius
773 383 937 474 diabolo,
966 385 1078 488 ligna,

87 500 287 603 prodigia,
333 512 372 575 et
405 502 552 574 virtutes
582 496 770 575 mendaces
798 501 921 577 exerit
981 501 1077 582 Nam

87 612 196 715 supra
219 608 366 695 auxilia,
411 631 491 710 quat
516 608 699 686 demones
729 607 922 688 hominum
949 611 1080 714 decep.

87 738 191 802 tores
214 721 531 823 prestigiatotibus
552 720 596 796 ad
621 717 764 822 pessima
785 721 945 801 facinora
972 728 1080 803 mini.
1221 750 1230 781 ι

87 837 221 921 strant,
256 831 351 911 aliud
370 832 584 933 prestatura
601 830 751 909 diabmo
771 833 870 931 ipso,
893 834 937 912 ad
955 835 1079 913 fallen.

87 949 182 1025 dum
209 969 324 1044 genus
351 943 598 1036 humanum,
657 941 839 1044 Origenes
865 968 953 1023 veto
979 949 1079 1048 post.

87 1083 152 1137 arn
170 1058 338 1154 deinceps
358 1074 526 1153 magnam
546 1068 683 1155 partem
700 1058 825 1155 eapitis
847 1056 989 1135 secundi
1003 1061 1103 1160 eps,

87 1171 142 1248 1ae
167 1169 328 1247 secunde
354 1165 402 1244 D.
421 1165 519 1245 Pauli
538 1166 584 1244 ad
603 1164 755 1245 Thessal.
776 1168 943 1265 quomodo
962 1172 1002 1245 in
1013 1193 1081 1268 ge.

87 1281 314 1358 edominum
345 1277 419 1364 iiie,
448 1289 484 1354 et
511 1277 647 1373 quondo
665 1289 836 1355 venturus
860 1278 921 1371 fit,
950 1292 986 1357 et
1010 1305 1083 1380 quo

98 1390 227 1490 causo,
249 1386 472 1490 explicasset,
501 1389 545 1466 ad
559 1387 748 1469 Danielem
767 1390 971 1493 prolapsos,
987 1417 1027 1472 ea
1042 1397 1082 1472 in‘

87 1506 206 1583 edium
233 1502 375 1603 profert
401 1496 442 1590 o)
467 1524 548 1603 quae
576 1504 605 1578 is
631 1525 708 1602 cap.
724 1500 823 1581 Vlll.
846 1524 909 1593 23.
933 1525 995 1598 24.
1014 1525 1080 1597 ις.

113 1613 300 1695 Antiocho
327 1610 534 1714 Epiphane,
573 1627 704 1711 utpote
729 1627 820 1714 typo
848 1614 1080 1706 Antichristi,

87 1730 162 1806 bet.
219 1783 242 1819 „
273 1724 329 1803 Est
351 1720 520 1823 (inquit)
543 1735 579 1798 et
601 1723 647 1800 de
665 1725 797 1800 eodem
816 1723 972 1802 Danielis
991 1752 1081 1829 pto·

88 1839 237 1942 phetia,
267 1858 347 1936 quae
377 1833 553 1916 eiusmodi
581 1833 649 1919 ert,
694 1848 734 1911 ut
751 1835 964 1932 prudentem
996 1861 1082 1916 can·

88 1949 299 2049 ditionique
326 1945 497 2022 leslorem
519 1944 683 2022 traducat
709 1946 745 2021 in
775 1943 1080 2046 admirationem

89 2063 187 2140 adeo
211 2060 366 2137 divinam
394 2073 432 2134 et
452 2054 701 2156 propheticam
729 2056 997 2156 inspirationem
1031 2057 1084 2137 sa·

94 2177 164 2275 pit.
237 2168 289 2248 lbi
314 2168 405 2246 disin
434 2167 517 2245 sunt'
540 2189 601 2256 ea,
641 2190 722 2268 quae
748 2169 792 2244 ad
822 2191 932 2270 regna
961 2167 1083 2250 futura
1141 2252 1144 2259 ,

98 2284 253 2385 spedant
284 2305 303 2358 a
327 2277 481 2360 Daniele
511 2278 555 2355 ad
584 2276 696 2379 usque
725 2281 853 2360 mundi
882 2283 1080 2361 interitum.

97 2395 257 2476 Cuilibet
277 2393 412 2470 volenti
435 2389 519 2467 licet
534 2412 612 2470 eanr
629 2389 761 2490 legere.
819 2392 912 2481 Sed,
940 2416 1019 2495 quar
1035 2392 1086 2472 ad

96 2505 352 2588 Antichristum
370 2505 572 2604 pertinent,
603 2502 706 2590 vide,
727 2526 771 2579 an
792 2527 874 2580 oon
898 2501 966 2581 fint
989 2507 1085 2584 eius·

92 2619 224 2695 modi:
265 2613 309 2694 Et
344 2617 406 2693 sub
434 2612 543 2689 finem
583 2615 686 2711 regni
713 2636 864 2699 eorum,
899 2639 983 2693 cum
1004 2640 1083 2694 cre·

100 2733 216 2806 verint
232 2729 457 2828 iniquitates,
479 2721 674 2821 consurget
688 2745 751 2799 rex
768 2726 958 2824 impudens
970 2727 1083 2816 socie,

101 2858 138 2917 et
156 2839 358 2936 intelligens
375 2833 660 2938 propositiones,
682 2849 718 2910 et
729 2836 958 2937 roborabitur
969 2836 1087 2915 sottu-

101 2953 153 3028 do
170 2953 273 3036 eius,
303 2967 340 3025 et
354 2945 569 3024 admirabilia
589 2945 767 3032 destruet,
807 2967 844 3025 et
863 2948 1087 3049 prosperabi.

103 3081 185 3149 tur,
206 3061 371 3146 etfaciet,
388 3075 425 3136 et
443 3056 631 3136 interficiet
647 3058 834 3146 robustos,
850 3074 889 3137 et
905 3054 1093 3160 populum'

96 3176 273 3259 sensium,
292 3189 328 3249 et
339 3175 467 3270 iugonr
479 3168 709 3248 vinculorum
721 3174 795 3248 eius
806 3170 1085 3273 prosperabitur.

104 3286 279 3364 Dolus‘in
298 3307 405 3360 manu
423 3285 518 3369 eius,
548 3298 585 3357 et
604 3284 639 3357 in
657 3280 768 3358 corde
787 3287 864 3361 eius
881 3282 1089 3382 magnilica·
1203 3370 1212 3381 ἱ

105 3400 211 3474 bitur.
269 3394 390 3474 Dolus
423 3390 659 3493 pessumdabit
682 3393 840 3479 multos,
870 3411 907 3473 et
927 3396 1030 3473 stabit
1048 3396 1087 3472 in

109 3509 308 3585 multorom
327 3509 549 3605 perniciem,
579 3520 617 3580 et
635 3519 675 3581 ut
691 3528 759 3582 ova
778 3529 885 3584 manu
910 3518 1087 3584 conteret.

104 3617 225 3713 Quod
245 3642 331 3695 vero
347 3644 365 3697 a
379 3616 488 3696 Paulo
505 3616 639 3694 ditium
655 3616 705 3694 est
718 3615 773 3694 his
792 3621 891 3706 eius.
909 3639 989 3719 quae
1003 3621 1090 3694 cita·

111 3735 226 3807 vimus
242 3730 377 3820 verbis,
397 3743 437 3809 ut
450 3728 567 3808 sedeat
581 3732 617 3805 in
632 3730 771 3833 templo
787 3726 878 3823 Dei,
897 3729 1091 3811 osteudens

89 3864 168 3938 'om
200 3856 245 3939 11.
588 3857 614 3940 S
1001 3858 1038 3941 ie

97 4015 134 4095 a)
156 4030 186 4079 o.
209 4019 259 4090 4⁶·
282 4031 314 4095 p·
336 4018 406 4095 ⁶⁶8·
