2512 4620
284 252 437 328 regnum
459 221 590 321 consti
605 232 646 309 in
663 232 783 310 tetris.
803 252 832 310 c.
850 222 929 309 LX.
1047 234 1130 327 att

82 452 105 491 „
136 419 237 483 mus,
267 396 304 471 in
324 391 468 470 excelso
486 391 598 497 loco,
626 396 664 471 in
688 393 890 495 prophetin
912 418 1045 497 nempe
1064 397 1121 476 di.
1248 394 1255 407 ¹

82 567 102 603 ,,
128 512 268 607 gnitate
289 505 440 590 sedens.
499 529 542 615 uc
576 505 798 606 propheticis
827 505 945 584 oculis
977 508 1119 590 sursum

82 677 102 715 ,,
132 619 291 721 positus,
323 616 501 694 invasurus
529 617 620 695 ferus
644 618 842 719 provident
866 619 1049 718 prodicit,
1080 637 1120 703 et

82 791 103 828 ‚,
135 729 403 834 ptaefignificat3
451 745 492 808 ot
511 752 575 807 cot
603 733 738 817 etiam,
768 734 833 831 qui
857 730 1022 808 nondum
1044 737 1120 814 nati

82 902 102 939 ,,
133 860 256 931 erant,
289 843 334 918 ad
364 840 586 940 vigilandum
620 841 831 925 induceret.
862 856 897 919 et
928 841 1119 941 prophetin

82 971 252 1052 „totum
283 957 443 1031 munitet
472 973 624 1052 gregem
647 1002 681 1046 „t
742 952 857 1031 Affert
886 949 1055 1056 deinceps
1079 958 1117 1039 S.

82 1065 367 1169 chrysostomus
391 1064 600 1166 exemptum
630 1064 737 1166 patris
772 1058 913 1164 prolem
942 1071 1117 1160 amantis,

82 1205 153 1282 pro
178 1180 373 1280 nepotibus
397 1179 504 1254 etium
523 1191 561 1255 et
581 1176 730 1279 posteris
756 1176 1034 1256 sollicitudinem
1055 1204 1120 1280 ge.

82 1294 212 1369 tentis:
253 1304 290 1366 et
327 1292 421 1388 regis
456 1289 582 1366 urbem
617 1288 802 1367 moenibus
839 1291 1126 1384 circumdantis.

82 1427 160 1482 non
192 1402 241 1479 ob
264 1400 444 1478 machinas
460 1416 602 1479 tuntum
626 1398 722 1479 illinc
748 1405 947 1503 temporit,
1000 1402 1059 1481 sed
1080 1422 1121 1485 ut

82 1515 231 1616 posteris
252 1516 360 1591 etiam
395 1509 462 1588 sint
486 1514 652 1591 tutamini
682 1514 750 1590 &c
809 1508 911 1591 Tum
934 1517 1123 1616 apostolo·

82 1628 224 1704 inducit
257 1648 304 1703 cx
326 1623 473 1704 Christo
499 1624 690 1701 sciscitatus
713 1648 725 1716 ;
768 1620 872 1725 Quod
884 1624 1028 1723 fignum
1059 1629 1124 1706 ud.

83 1748 214 1817 ventus
233 1741 319 1824 tui,
371 1746 405 1810 et
433 1732 741 1830 consummationis
761 1734 905 1832 seculi?
949 1792 971 1829 „
986 1738 1121 1817 Viden’

83 1907 108 1947 ‚,
133 1840 445 1950 (prosequitut,)
487 1844 569 1921 illoc
604 1849 711 1922 etium
743 1845 789 1922 de
807 1842 1125 1930 consummatione

83 2019 109 2060 „
138 1960 244 2038 seculi
267 1963 515 2056 interrogate,
545 1970 583 2034 et
608 1955 807 2035 defuturis
836 1957 1047 2051 hominibus
1072 1963 1124 2038 es·

83 2130 105 2171 ‚,
134 2076 168 2151 se
189 2066 391 2148 sollicitos?
437 2066 528 2147 Nou
566 2072 664 2145 enim
700 2068 757 2147 sua
789 2069 913 2146 vident
941 2071 1124 2173 apostoli.

83 2242 107 2283 ,‚
137 2185 194 2262 sed
211 2205 291 2285 quae
309 2179 463 2272 aliorum
491 2179 593 2270 sunt,
623 2194 661 2259 et
676 2176 780 2258 iimo!
796 2200 946 2272 omnen.
974 2198 1012 2262 ct
1029 2183 1125 2262 seor·

83 2352 107 2394 „
138 2295 199 2373 sim
231 2293 369 2393 singuli.
428 2288 553 2371 Petrus
586 2296 705 2395 itaque
730 2290 847 2374 Choti
880 2294 973 2374 illius
990 2295 1124 2399 choty-

83 2464 106 2506 ,,
137 2409 287 2510 phaeus,
317 2429 358 2483 ot
387 2404 638 2506 apostolorum
659 2404 854 2494 omnium,
894 2422 1003 2509 caput
1026 2407 1123 2489 illius

83 2578 107 2618 ‚,
136 2521 298 2606 iamdiu,
327 2519 426 2596 orbis
446 2522 560 2594 totius
583 2516 800 2616 ptaefedus.
842 2516 1123 2601 fundamentum

83 2690 107 2730 „
136 2630 315 2718 Ecclesiae,
346 2629 473 2708 ardens
495 2626 627 2707 Christi
648 2643 806 2722 amator3
837 2647 937 2718 nam.
960 2634 1028 2721 uit,
1059 2630 1125 2711 Pe.

83 2803 110 2842 ‚‚
140 2759 213 2831 tte,
243 2739 363 2836 diligis
389 2761 444 2814 me
467 2736 547 2837 plus
566 2734 658 2816 his?
695 2737 782 2816 ideo
798 2744 875 2819 eins
892 2736 1013 2821 laudes
1037 2763 1125 2844 pro·

84 2914 110 2954 ,‚
138 2856 243 2942 fero,
272 2867 314 2930 nt
334 2849 489 2936 discatis,
517 2872 601 2928 eum
631 2873 715 2928 nete
738 2846 922 2931 Christum
943 2852 1124 2934 dilexiiiet

84 3027 112 3066 „
137 2981 235 3046 certe
252 2967 328 3042 eius
354 2986 441 3061 erga
468 2960 676 3042 Dominum
705 2967 839 3042 umoris
866 2981 1126 3065 argumentum

84 3138 111 3177 ‚‚
141 3079 342 3155 maximum
395 3088 470 3151 erut
511 3067 717 3152 sollicitudo
764 3074 984 3157 famulorum
1036 3082 1125 3157 eius.

84 3250 110 3290 ,‚
140 3191 228 3271 Non
246 3211 319 3288 ego
342 3185 418 3264 haec
432 3182 538 3275 dico,
570 3184 627 3264 sed
650 3185 722 3285 ipse
746 3183 895 3267 dilutius
916 3183 1126 3269 Dominus:

84 3301 177 3401 „Si
197 3320 396 3386 amoime,
426 3299 566 3398 iuquit.
593 3289 790 3397 posceoves
812 3318 962 3394 mentm
1023 3302 1125 3381 idem

88 3418 125 3495 8.
147 3412 307 3491 Paterno
331 3434 407 3512 cap.
434 3407 584 3490 XXIV.
626 3408 790 3488 Matthaei
810 3412 855 3490 ad
893 3413 1129 3514 exemplum.

91 3527 195 3628 quod
220 3523 380 3604 Christus
402 3520 506 3600 affert
529 3542 562 3598 v.
590 3536 654 3601 22.
704 3517 802 3599 Sicut
822 3532 926 3601 erunt
948 3526 989 3599 in
1012 3522 1132 3605 dicbus

94 3638 176 3718 Noe
201 3635 409 3713 comedentes
433 3641 468 3709 et
485 3629 637 3711 bibentes
664 3627 734 3713 dcc
766 3625 857 3715 illud
881 3632 908 3715 Ι
937 3626 1128 3718 Thetsffv

97 3771 132 3842 3.
164 3747 203 3836 u)
221 3745 418 3849 applicans:
449 3767 534 3826 cum
548 3762 674 3849 pacem
688 3744 816 3828 dicunt
831 3760 868 3827 et
885 3746 1132 3841 securitatem.

98 3878 208 3962 uon.
238 3874 283 3957 11
597 3872 672 3958 Χ
989 3890 1080 3962 tunc

141 4026 234 4117 a.)T
257 4023 745 4131 v11.110n.27.at.7n.nt.
769 4044 800 4117 p.
819 4044 889 4119 742.
