2512 4620
273 238 424 315 regnum
446 209 576 305 Chriilr'
590 217 631 293 in
648 217 769 293 terris.
788 238 818 293 c.
837 212 953 293 XLV.
1042 237 1120 313 173

87 403 195 468 cam,
226 379 315 482 qnid
334 382 370 456 in
393 379 463 480 ipsa
490 374 643 457 Ecclesia
667 376 832 456 sutorum
852 373 914 465 lit,
943 377 1127 478 poslhabi.

87 508 125 571 ta
149 494 417 569 communione
446 492 540 567 inter
558 489 720 569 summos
747 486 910 567 Ecclesia
940 492 1126 591 pastores

88 603 302 705 pontificem
325 617 363 682 et
390 601 606 703 episcopor:
662 601 811 702 quondo
837 614 898 678 tor
922 606 1037 703 capita
1059 601 1129 683 Ec·

87 714 199 793 clesrae
220 729 353 802 erunt,
395 730 489 815 qoot
509 712 708 814 episcopi
696 715 852 790 invicem
882 713 1130 814 independen-

89 843 144 905 tes
170 830 442 927 (nequeenim
469 825 715 925 metropolitae
743 839 916 924 arrogant
932 825 1023 905 ultra
1044 827 1171 906 usna
1171 854 1174 895 t

90 954 258 1068 receptos
284 938 421 1039 aliquid
447 934 537 1024 sibi,
578 936 635 1014 vel
661 958 832 1035 arrogare
856 933 1036 1036 poliunt
1026 954 1129 1019 iuxta
1185 934 1187 939 ’

91 1054 269 1153 principia
284 1065 321 1127 et
340 1049 619 1128 declarationem
639 1047 917 1149 pundatorum,
938 1052 1001 1149 qui
1021 1051 1130 1130 initio

92 1166 210 1240 {latim
239 1165 362 1240 omnia
387 1162 432 1239 ad
463 1160 620 1238 sormam
651 1183 893 1261 normamque
920 1164 1130 1261 primorum

92 1273 254 1354 Ecclesiae
280 1273 484 1352 seculorum
505 1273 709 1351 revocanda
735 1267 894 1367 volunt)
917 1273 1007 1352 dum
1022 1274 1132 1376 quili-

95 1390 158 1464 bet
178 1385 353 1486 dispensat
379 1410 421 1465 ac
449 1385 607 1486 disponit
631 1385 678 1462 de
709 1383 880 1484 legibus,
922 1408 966 1463 ac
994 1384 1133 1465 inolitis

92 1499 417 1577 consuetudinibus
440 1493 602 1575 Ecclesia
628 1495 743 1575 soluta
779 1495 1018 1597 dependentia
1036 1500 1138 1577 inter.

93 1612 129 1688 se
150 1628 185 1687 et
202 1634 288 1687 cum
310 1609 476 1688 Romana
495 1606 649 1687 Ecclesia
671 1625 784 1686 matre
800 1605 961 1688 Ecclesrae
978 1609 1135 1689 Germa·

94 1725 210 1809 nicae,
240 1739 319 1799 tum
350 1720 608 1821 particulariter
633 1744 785 1820 qnoque
807 1721 885 1797 iure
907 1723 1132 1819 patriarchali

96 1834 293 1920 obllriiiae,
324 1837 401 1911 iure
417 1831 563 1931 quidem
581 1831 768 1916 humano,
799 1822 877 1929 qno
899 1853 967 1908 nec
984 1848 1068 1930 eget
1085 1833 1131 1911 R.

95 1947 131 2024 S.
157 1947 325 2045 quidem,
356 1944 445 2020 dum
471 1944 549 2032 iure
568 1941 694 2019 divino
721 1956 821 2017 tenet
846 1943 1044 2041 primatum
1066 1942 1136 2022 Ec·

93 2056 207 2133 clesrae
230 2054 409 2132 universa.
455 2052 558 2146 Quid
576 2074 665 2129 vero
693 2053 842 2130 demum
870 2052 989 2140 illud,
1028 2052 1135 2156 quod
1239 2126 1243 2139 ,

97 2168 329 2269 pundetores
356 2166 520 2264 (slatuta
543 2164 628 2242 licet
651 2164 761 2245 veluti
783 2178 909 2244 mutua
933 2163 1135 2244 hierarcha·

95 2305 180 2356 rum
208 2275 519 2380 independentia)
548 2300 590 2354 ac
619 2274 706 2359 filu
727 2275 822 2378 ipsos
843 2300 973 2355 omnes
997 2278 1137 2356 archie-

96 2393 235 2493 piscopi
266 2390 603 2492 compromiserint,
650 2387 771 2491 paslim
805 2414 934 2468 eorum
963 2393 1136 2468 omnium

97 2507 249 2580 nomine
267 2504 430 2590 sciscant,
450 2500 665 2600 transigant,
695 2501 909 2589 decernant,
940 2501 1135 2592 deliniunt3

97 2617 187 2692 dum
207 2632 326 2691 tamen
345 2639 414 2691 nec
443 2619 478 2690 in
500 2638 577 2690 nno
603 2615 720 2711 capite
743 2617 884 2710 integre
912 2629 948 2690 et
975 2615 1137 2692 totaliter

96 2731 151 2805 eis
177 2751 262 2802 cunr
287 2727 354 2802 suis
380 2724 537 2823 ipsismet
548 2725 743 2799 conueniat
760 2724 1071 2818 archilrierarchie3
1095 2738 1137 2801 ut

96 2838 321 2915 ostendimus
343 2836 389 2912 de
405 2835 486 2934 ipss
501 2837 609 2911 etiarn
623 2832 871 2921 Nuntiaturic,
888 2838 1046 2913 maxime
1056 2859 1139 2936 per·

100 2952 247 3050 petuis,
275 2972 386 3047 quam
408 2946 547 3024 causam
571 2944 683 3023 solam
709 2945 760 3020 illi
785 2945 881 3045 apud
902 2950 1048 3024 comitia
1071 2951 1141 3023 im·

100 3064 194 3163 perii
233 3074 367 3158 urgent
394 3074 431 3137 et
460 3056 752 3159 prosequuntur?
781 3056 868 3152 Qua
897 3057 1017 3161 quaeso
1039 3058 1143 3136 iron-

103 3191 141 3251 te
169 3172 422 3274 episcoporum
451 3169 513 3247 fibi
535 3194 672 3248 nomen
701 3185 738 3246 et
763 3170 1012 3247 audoritatem
1038 3170 1143 3249 usur·

102 3311 189 3387 pare
207 3283 277 3362 auli
301 3284 407 3360 sunt?
435 3280 539 3359 Unus
556 3306 604 3358 ex
625 3282 692 3357 illis
709 3282 759 3358 eli
776 3280 946 3360 hactenus
962 3284 1057 3381 Aug.
1076 3305 1142 3360 oo·

106 3422 182 3473 mes
211 3397 255 3473 de
285 3397 432 3496 Styrum
464 3393 657 3494 episcopus
685 3391 858 3492 Spirensis
884 3397 947 3494 qui
978 3410 1143 3474 mentem

107 3509 206 3585 suam
235 3507 387 3585 candide
418 3520 455 3585 et
482 3524 626 3606 aperte,
666 3505 773 3606 quod
800 3520 1026 3583 conventum
1058 3503 1144 3585 Em·

83 3620 86 3629 '
106 3619 241 3696 sensem
259 3623 386 3696 attinet
403 3675 414 3706 ,
460 3618 650 3695 declaravit
666 3616 812 3716 epillola
835 3618 879 3693 ad
898 3611 978 3695 Em.
1004 3614 1146 3696 Eleilo.

106 3755 184 3810 rem
217 3729 484 3829 Moguntinum
515 3730 616 3815 data,
658 3752 765 3830 quam
792 3728 853 3805 lric
891 3728 1073 3807 recensere
1097 3729 1145 3810 ed
1253 3784 1255 3788 ι

107 3869 187 3925 reor
208 3843 279 3932 est.
311 3866 427 3946 nuper
451 3845 546 3949 typis
572 3841 731 3931 editam.
775 3862 866 3921 mox
884 3841 923 3920 ira
947 3840 1021 3946 ip&
1041 3841 1148 3921 sroa.

1051 4003 1093 4069 te
