2506 4958
444 556 843 651 PRAEFATIO.

131 728 238 816 ner:
281 724 436 813 Iuravit
467 724 655 808 Dominus
679 740 719 807 et
740 751 814 807 non
828 716 1025 835 penitebit
1046 738 1158 809 em:

143 838 208 926 Tu
228 866 268 921 es
279 835 456 945 sacerdos
478 838 519 919 iu
538 856 717 920 eremum
731 893 745 929 ,
761 832 968 942 secundum
985 828 1159 915 ordinere

129 948 416 1058 Melchisidcch.
432 950 623 1032 Dominus
632 946 901 1031 adextristuis
912 936 1159 1056 couftegitirr

129 1061 192 1146 die
211 1063 276 1144 irte
284 1062 365 1169 firae
384 1088 500 1170 reges.
556 1056 743 1144 Iudicabit
763 1060 805 1142 in
827 1054 1065 1157 nationibus,
1081 1060 1159 1149 r'rn-.

123 1172 242 1286 plebit
258 1176 410 1270 ruinas,
437 1169 684 1284 conquaffabit
702 1170 825 1281 cupita
842 1170 883 1252 in
901 1188 1006 1255 terra
1020 1175 1155 1257 multo-

127 1312 226 1371 rum.
282 1286 384 1395 Qiae
403 1287 521 1369 etiam
550 1284 622 1368 suo
647 1280 739 1366 loco
759 1279 1013 1393 explicatiora
1038 1280 1156 1371 dubi·

127 1422 220 1481 mus
244 1424 294 1481 ex
316 1394 466 1509 pihlmo
487 1396 532 1480 Π.
557 1421 641 1509 quo
663 1390 841 1479 Ecciefiae
864 1390 1070 1481 militantis
1088 1422 1155 1483 re·

126 1511 197 1621 gni
220 1508 367 1594 Christi
389 1510 431 1594 in
453 1509 566 1593 terris
590 1504 784 1616 triumphi
806 1530 1005 1590 canuntur
1026 1534 1051 1592 o
1072 1505 1155 1595 suis

126 1619 380 1737 primordiis,
407 1618 571 1733 quando
578 1613 822 1730 fremuerunt
835 1635 989 1724 genter,
1027 1636 1069 1701 er
1081 1638 1153 1733 po.

118 1734 206 1845 puli
223 1732 395 1816 meditati
406 1731 502 1838 stent
519 1730 662 1814 munia.
719 1723 935 1832 Astiterunt
947 1756 1056 1839 reges
1074 1750 1156 1815 rer.

124 1870 198 1939 rae,
226 1862 265 1927 er
282 1844 471 1956 principes
492 1858 751 1928 cormenerunt
767 1841 809 1923 in
832 1867 949 1924 uuum
965 1838 1155 1953 adrasus·

124 1956 353 2051 Dominum,
380 1974 418 2038 ct
437 1953 617 2060 mensus
639 1950 726 2034 Chri
754 1977 817 2035 um
836 1952 921 2036 eiu

209 2117 411 2229 Prneipun
433 2142 525 2228 quae
551 2110 731 2198 Ecclefiae
754 2109 940 2198 militanti
963 2122 1054 2201 sunt
1076 2112 1153 2203 de·

122 2227 309 2313 cerrrnda
330 2230 544 2314 certamino
567 2224 760 2318 interris,
789 2222 918 2310 donec
941 2224 1150 2313 consocie-

123 2363 191 2424 tur
216 2337 395 2427 Eeelefiae
420 2328 680 2451 trituuphmti
706 2336 748 2419 in
772 2333 901 2433 coelis,
926 2338 963 2421 se
996 2365 1078 2425 tem
1104 2344 1150 2429 in

121 2452 364 2563 Apoealypfi
388 2453 428 2538 S.
452 2452 606 2537 loannis
629 2448 877 2557 reiignnntur
897 2366 1053 2562 figiffiis,
1079 2475 1149 2538 to-

120 2561 329 2675 tidemque
356 2562 648 2647 denunciantur
676 2556 804 2654 tubis,
845 2586 944 2673 quas
976 2561 1151 2655 totidem

120 2672 346 2797 sequuntur
373 2672 513 2783 phialae
535 2675 602 2754 irae
623 2671 697 2755 Dei
724 2696 768 2754 ac
792 2671 976 2760 vindicte
998 2676 1147 2763 divinae

119 2780 254 2867 eflul‘e
278 2785 431 2877 ineos,
474 2784 545 2895 qui
575 2782 823 2891 insurgentes
843 2787 883 2869 in
904 2786 1148 2889 Ecclefiom,

119 2918 360 2980 armaturam
381 2895 456 2980 Dei
479 2917 616 2980 contro
642 2892 771 2978 hostes
803 2891 896 2981 suo's
924 2897 1144 2987 ussumendi

118 3005 274 3091 carrium
305 3006 505 3094 dederunt
534 3002 740 3091 Ecclefiae:
789 3030 879 3116 qun
909 3009 958 3094 ad
984 3008 1144 3099 fortiter

116 3118 386 3232 pugnandum
414 3118 742 3230 vincendumque
767 3114 818 3203 de
847 3123 1012 3208 victoria
1036 3150 1144 3215 certo

117 3259 164 3317 oc
192 3234 326 3317 secum
345 3234 541 3319 animatur
562 3230 713 3341 septem
726 3230 922 3340 epistolis,
949 3262 1040 3343 qun:
1062 3241 1142 3349 pri.

116 3338 257 3431 oribu's
283 3342 540 3456 Apocalypfis
560 3338 760 3452 capitibus
778 3338 968 3453 leguntur
988 3346 1141 3462 scriptae

25 3453 30 3463 ’
115 3456 265 3541 Christi
289 3459 452 3540 nomine
476 3454 526 3539 od
549 3454 699 3565 septem
719 3451 1035 3565 ecclesiastieae,
1065 3487 1141 3545 un-

114 3563 169 3648 de
185 3565 354 3653 Ecclefia
370 3570 563 3680 incipiens
579 3592 652 3676 per
672 3565 871 3675 apostolos
889 3596 913 3653 n
930 3569 1139 3659 ierusalem

113 3675 311 3773 effloruit,
340 3682 544 3793 parcisque
564 3679 613 3762 ab
629 3673 828 3774 hostibus,
857 3681 1006 3791 quibus
1025 3682 1139 3767 undi-

115 3814 199 3900 que
221 3790 501 3900 premebatur,
527 3791 726 3881 victoriis,
748 3795 862 3902 regni
890 3788 947 3875 sui
971 3819 1047 3904 per
1073 3822 1141 3880 or·

114 3896 215 3985 bem
241 3923 438 3989 terrarum
462 3903 560 3989 fines
592 3898 773 4009 undique
803 3906 1004 4014 porrexit,
1046 3930 1142 3991 con-

113 4009 356 4124 stabilitque.
411 4015 496 4128 lpu
515 4038 613 4101 vero
637 4014 781 4108 verba,
818 4014 968 4125 quihus
989 4016 1142 4129 angeli,

113 4121 377 4209 Ecclefiarum
404 4154 486 4239 prae
517 4123 623 4218 oliti,
650 4119 701 4204 od
718 4149 898 4237 pugnam
921 4152 1028 4213 certa
1056 4132 1141 4217 vic·

114 4237 227 4323 toriae
245 4234 391 4325 fidu'cio
407 4155 603 4329 aCKristo
618 4235 661 4318 in
677 4232 754 4320 ilus
771 4236 945 4353 epistolis
964 4241 1142 4329 excitau-

992 4375 1085 4450 tur,
