2506 4958
245 234 395 311 regnum
418 202 548 300 Cdrilli
569 212 610 287 in
625 200 746 337 terris.
767 231 795 287 r.
815 208 933 293 XLV.
1022 178 1100 314 {45

56 382 94 456 in
120 373 244 476 regula
263 374 297 454 S.
318 371 499 453 Benediot
513 366 552 462 o)
570 372 755 467 statuitur:
784 370 823 450 st
835 372 906 471 ipse
917 374 1011 472 puer
1025 370 1099 481 nii:

56 500 145 567 nore
171 498 270 564 atate
297 484 362 574 eli,
406 496 570 583 parentes
599 488 673 562 eius
688 480 833 585 fociant
861 490 1101 587 petitionem,

56 593 164 700 quum
181 599 296 699 supro
318 597 487 674 diximus.
546 592 590 673 m
612 602 691 672 cum
706 592 880 674 oblatione
901 598 1013 697 ipsum
1033 610 1099 699 pe.·

55 716 244 798 titionem,
275 721 310 786 et
334 731 479 785 monum
494 701 602 806 pueri
626 707 818 786 inuoluunt
832 715 872 787 in
891 711 986 810 pullu
1004 712 1098 793 olto-

57 829 144 915 ris,
175 835 209 900 et
226 819 272 914 sc
288 843 366 899 eum
389 819 549 919 offerunt.
689 832 692 837 '

147 983 264 1080 Quod
288 1005 494 1083 anonymus
511 978 551 1072 u)
574 984 613 1061 in
638 980 887 1083 pandationes
916 978 1099 1069 Emsensea

62 1102 133 1177 iam
170 1096 409 1175 subodoratus
450 1095 593 1185 suerat,
655 1095 859 1175 facultatem
893 1103 1100 1198 promiscue

62 1211 239 1313 episcopis
261 1207 399 1295 datam,
434 1207 655 1310 dispensandi
672 1209 822 1287 in'uotis
850 1208 1096 1300 solemnibus,

60 1325 107 1401 ad
137 1321 413 1421 delirusljonem
445 1320 554 1398 status
586 1322 773 1399 monastici
795 1321 970 1417 tendere3
1007 1323 1100 1401 nihil

62 1451 183 1515 autem
215 1432 259 1509 ad
302 1435 441 1510 ruinam
473 1432 776 1511 monasteriorum
810 1437 993 1534 virginum
1029 1433 1110 1514 elle.

64 1545 356 1632 accomodatius,
394 1566 502 1645 quam
527 1545 690 1622 statutam
717 1560 856 1623 aetntenr
882 1568 948 1640 40.
985 1571 1102 1626 anno·
1142 1608 1147 1619 .

65 1682 147 1736 turn
171 1658 215 1733 ad
245 1653 499 1756 professionem
525 1659 731 1753 virginnm3
762 1657 798 1733 id
823 1681 932 1732 nemo
953 1682 1031 1735 non
1049 1663 1102 1737 vi·

65 1771 146 1856 det,
180 1768 490 1853 lucilesutnrum,
530 1764 625 1841 srex
646 1767 817 1843 sententia
844 1768 1101 1867 pundatornm

64 1881 240 1984 episcopis
265 1877 412 1954 facultas
441 1875 503 1961 srt,
543 1897 611 1975 pto
638 1875 754 1954 lubitu
779 1879 852 1977 pias
869 1877 1101 1957 fundationes
1173 1878 1176 1891 '

69 1998 107 2070 in
128 1992 209 2067 alias
239 1987 496 2080 convertendi;
524 1984 720 2088 liquidem,
749 1989 851 2089 qnod
877 1991 945 2066 iam
968 1991 1013 2066 ab
1040 2013 1105 2067 ex·

67 2105 239 2206 perientia
260 2101 453 2185 habemus,
485 2098 725 2177 brocardicon
750 2098 825 2177 hoc
849 2099 893 2177 ad
919 2100 1105 2195 fundatio·

68 2241 133 2292 nes
164 2213 467 2291 ¹monasteriorum
505 2211 730 2289 extendatur.
790 2208 844 2289 Ex
881 2235 1004 2310 ungue
1028 2215 1106 2291 leo-

68 2324 182 2412 nem,
215 2324 274 2400 rel
294 2324 441 2424 potins,
471 2324 741 2423 persequentem
771 2324 894 2413 illurn,
934 2342 975 2402 ut
996 2325 1106 2403 habet

68 2437 205 2523 sabula,
236 2433 414 2514 Leonem.
470 2432 675 2513 Hierarchae
690 2435 765 2521 illi,
809 2439 873 2536 qui
895 2439 932 2512 in
951 2436 1106 2515 Germa·

70 2555 128 2628 nia
152 2548 314 2648 amplum
342 2547 592 2641 territorium,
624 2548 820 2623 immediati
846 2550 987 2646 Imperii
1005 2554 1109 2649 prin.

69 2665 197 2761 cipes,
228 2674 376 2745 tenent,
406 2655 471 2756 ipsi
498 2674 617 2733 tamen
647 2656 709 2733 srbi
741 2658 799 2734 hic
823 2658 994 2736 nonsatis
1016 2684 1108 2738 con·

69 2775 205 2853 lultnnr
233 2771 388 2854 habent,
420 2771 508 2845 dum
536 2767 611 2845 aliis
639 2766 783 2869 pefflme
799 2769 994 2847 consulunt
1022 2775 1108 2847 inx-

70 2902 107 2963 ta
125 2883 229 2968 illud,
249 2880 432 2980 summum
451 2882 527 2967 ius,
547 2875 690 2976 summo
707 2881 854 2956 iniuria.
914 2877 969 2959 tt'd
990 2906 1108 2968 unum

72 3020 202 3076 omnes
230 2995 346 3081 miseri
372 2990 499 3068 Adonai
530 2988 592 3067 filii
619 2991 794 3093 paradiso,¹
810 2990 900 3092 pnlfi
928 2993 972 3069 ad
1002 2992 1110 3093 polfi.

72 3109 228 3185 dendanr
254 3121 383 3182 tetram
404 3108 674 3204 (nequeenim
703 3106 892 3205 qnisquam
912 3102 1110 3183 hominnm

71 3223 111 3298 id
131 3219 193 3296 sibi
214 3217 378 3318 usurpet:
418 3212 507 3293 Haec
526 3218 649 3292 omnia
675 3238 753 3293 mea
774 3216 878 3302 sunt,
909 3234 946 3293 et
963 3219 1024 3295 cui
1044 3238 1111 3295 vo-

72 3335 139 3419 lo,
176 3356 215 3405 ea
245 3326 327 3417 do)
375 3329 706 3426 susceceperunt,
752 3341 793 3406 ut
830 3351 982 3414 terum,
1022 3351 1112 3428 quas

76 3438 277 3547 possident,
308 3443 566 3540 proprietatem
592 3450 757 3525 teneant,
794 3460 908 3539 equa
929 3438 1000 3515 sine
1019 3442 1113 3516 iniu-

75 3559 129 3633 ria
153 3552 282 3652 depelli
305 3575 416 3649 nerpo
448 3566 580 3651 queat.
610 3564 672 3627 aut
697 3551 903 3638 deturbari,
934 3548 997 3626 nisi
1031 3554 1113 3656 quis

76 3664 335 3770 praeadamita,
364 3677 425 3739 ant
447 3663 573 3749 aliter,
620 3686 727 3763 qnam
744 3665 935 3739 communi
963 3660 1114 3741 humani

77 3780 221 3879 generis
241 3773 335 3863 sato,
365 3779 403 3851 in
423 3772 516 3852 hanc
541 3789 673 3852 tertam
704 3771 906 3852 devenisset.
965 3772 1115 3868 Quanta

78 3891 117 3969 T
120 3912 189 3965 orn.
222 3885 265 3964 ll.
568 3883 605 3964 K
972 3910 1059 3963 vero

122 4016 156 4095 a)
170 4031 195 4077 c.
214 4031 259 4091 59·
294 4008 327 4091 n)
337 4000 486 4072 Beleueht.
498 4001 550 4071 det
560 4004 643 4073 Bau.
653 4000 816 4075 Emfischetl
827 4004 1009 4074 lusorum.
1023 4021 1052 4087 p.
1064 4020 1116 4084 49.
