<?xml version="1.0" encoding="UTF-8"?>
<!DOCTYPE html PUBLIC "-//W3C//DTD XHTML 1.0 Transitional//EN"
    "http://www.w3.org/TR/xhtml1/DTD/xhtml1-transitional.dtd">
<html xmlns="http://www.w3.org/1999/xhtml" xml:lang="en" lang="en">
 <head>
  <title>
</title>
<meta http-equiv="Content-Type" content="text/html;charset=utf-8" />
  <meta name='ocr-system' content='tesseract 3.04.00' />
  <meta name='ocr-capabilities' content='ocr_page ocr_carea ocr_par ocr_line ocrx_word'/>
</head>
<body>
  <div class='ocr_page' id='page_1' title='image "./ecclesiamilitan01gerbgoog_0648.png"; bbox 0 0 2506 4958; ppageno 0'>
   <div class='ocr_carea' id='block_1_1' title="bbox 246 200 1143 306">
    <p class='ocr_par' dir='ltr' id='par_1_1' title="bbox 246 200 1143 306">
     <span class='ocr_line' id='line_1_1' title="bbox 246 200 1143 306; baseline -0.001 -22"><span class='ocrx_word' id='word_1_1' title='bbox 246 234 254 245; x_wconf 89' lang='lat'><strong>·</strong></span> <span class='ocrx_word' id='word_1_2' title='bbox 307 225 458 306; x_wconf 78' lang='lat' dir='ltr'>regnum</span> <span class='ocrx_word' id='word_1_3' title='bbox 484 200 947 296; x_wconf 63' lang='lat' dir='ltr'>carminantem.</span> <span class='ocrx_word' id='word_1_4' title='bbox 1063 217 1143 302; x_wconf 74' lang='lat'>265</span> 
     </span>
    </p>
   </div>
   <div class='ocr_carea' id='block_1_2' title="bbox 88 363 1193 3363">
    <p class='ocr_par' dir='ltr' id='par_1_2' title="bbox 88 363 1193 3363">
     <span class='ocr_line' id='line_1_2' title="bbox 88 363 1147 476; baseline -0.001 -28"><span class='ocrx_word' id='word_1_5' title='bbox 88 369 196 473; x_wconf 56' lang='lat' dir='ltr'>julia</span> <span class='ocrx_word' id='word_1_6' title='bbox 219 366 336 458; x_wconf 84' lang='lat' dir='ltr'>nihil,</span> <span class='ocrx_word' id='word_1_7' title='bbox 380 365 444 446; x_wconf 84' lang='lat' dir='ltr'>nifi</span> <span class='ocrx_word' id='word_1_8' title='bbox 469 390 561 446; x_wconf 83' lang='lat' dir='ltr'>unua</span> <span class='ocrx_word' id='word_1_9' title='bbox 580 366 625 476; x_wconf 82' lang='lat' dir='ltr'>is.</span> <span class='ocrx_word' id='word_1_10' title='bbox 652 364 773 446; x_wconf 84' lang='lat' dir='ltr'>Thess.</span> <span class='ocrx_word' id='word_1_11' title='bbox 797 365 841 445; x_wconf 89' lang='lat' dir='ltr'>ll.</span> <span class='ocrx_word' id='word_1_12' title='bbox 882 366 986 447; x_wconf 81' lang='lat' dir='ltr'>socos</span> <span class='ocrx_word' id='word_1_13' title='bbox 1016 363 1147 447; x_wconf 86' lang='lat' dir='ltr'>occur-</span> 
     </span>
     <span class='ocr_line' id='line_1_3' title="bbox 88 478 1146 580; baseline -0.001 -19"><span class='ocrx_word' id='word_1_14' title='bbox 88 478 165 577; x_wconf 57' lang='lat' dir='ltr'>f-pit.</span> <span class='ocrx_word' id='word_1_15' title='bbox 222 480 264 561; x_wconf 91' lang='lat' dir='ltr'>ld</span> <span class='ocrx_word' id='word_1_16' title='bbox 279 502 368 558; x_wconf 81' lang='lat' dir='ltr'>vero</span> <span class='ocrx_word' id='word_1_17' title='bbox 398 494 656 578; x_wconf 83' lang='lat' dir='ltr'>argumentum</span> <span class='ocrx_word' id='word_1_18' title='bbox 688 493 768 556; x_wconf 92' lang='lat' dir='ltr'>tum</span> <span class='ocrx_word' id='word_1_19' title='bbox 789 481 1087 580; x_wconf 82' lang='lat' dir='ltr'>interpretatione</span> <span class='ocrx_word' id='word_1_20' title='bbox 1107 484 1146 560; x_wconf 90' lang='lat' dir='ltr'>iu</span> 
     </span>
     <span class='ocr_line' id='line_1_4' title="bbox 88 590 1146 691; baseline -0.001 -19"><span class='ocrx_word' id='word_1_21' title='bbox 88 592 333 691; x_wconf 61' lang='lat' dir='ltr'>,Danielem</span> <span class='ocrx_word' id='word_1_22' title='bbox 372 605 451 670; x_wconf 90' lang='lat' dir='ltr'>tum</span> <span class='ocrx_word' id='word_1_23' title='bbox 478 614 566 669; x_wconf 81' lang='lat' dir='ltr'>vero</span> <span class='ocrx_word' id='word_1_24' title='bbox 593 590 775 690; x_wconf 85' lang='lat' dir='ltr'>prolixius</span> <span class='ocrx_word' id='word_1_25' title='bbox 800 592 968 669; x_wconf 72' lang='lat' dir='ltr'>tradatur</span> <span class='ocrx_word' id='word_1_26' title='bbox 985 594 1023 669; x_wconf 93' lang='lat' dir='ltr'>in</span> <span class='ocrx_word' id='word_1_27' title='bbox 1049 592 1146 671; x_wconf 88' lang='lat' dir='ltr'>libro</span> 
     </span>
     <span class='ocr_line' id='line_1_5' title="bbox 88 699 1145 809; baseline -0.003 -24"><span class='ocrx_word' id='word_1_28' title='bbox 88 702 158 809; x_wconf 45' lang='grc' dir='ltr'>ἐξ</span> <span class='ocrx_word' id='word_1_29' title='bbox 175 704 493 784; x_wconf 83' lang='lat' dir='ltr'>consummatione</span> <span class='ocrx_word' id='word_1_30' title='bbox 515 702 653 781; x_wconf 89' lang='lat' dir='ltr'>mundi.</span> <span class='ocrx_word' id='word_1_31' title='bbox 712 699 753 781; x_wconf 87' lang='lat' dir='ltr'>sn</span> <span class='ocrx_word' id='word_1_32' title='bbox 781 726 859 801; x_wconf 89' lang='lat' dir='ltr'>quo</span> <span class='ocrx_word' id='word_1_33' title='bbox 886 705 1017 781; x_wconf 88' lang='lat' dir='ltr'>iterum</span> <span class='ocrx_word' id='word_1_34' title='bbox 1038 706 1145 783; x_wconf 76' lang='lat' dir='ltr'>nobie</span> 
     </span>
     <span class='ocr_line' id='line_1_6' title="bbox 113 812 1146 913; baseline 0 -19"><span class='ocrx_word' id='word_1_35' title='bbox 113 812 291 923; x_wconf 75' lang='lat' dir='ltr'>istitura)</span> <span class='ocrx_word' id='word_1_36' title='bbox 315 814 585 895; x_wconf 82' lang='lat' dir='ltr'>Antichristus</span> <span class='ocrx_word' id='word_1_37' title='bbox 575 838 613 891; x_wconf 91' lang='lat' dir='ltr'>ru</span> <span class='ocrx_word' id='word_1_38' title='bbox 636 837 753 892; x_wconf 90' lang='lat' dir='ltr'>cornu</span> <span class='ocrx_word' id='word_1_39' title='bbox 779 814 839 891; x_wconf 87' lang='lat' dir='ltr'>iiio</span> <span class='ocrx_word' id='word_1_40' title='bbox 861 814 920 892; x_wconf 87' lang='lat' dir='ltr'>seu</span> <span class='ocrx_word' id='word_1_41' title='bbox 941 840 1027 913; x_wconf 87' lang='lat' dir='ltr'>rege</span> <span class='ocrx_word' id='word_1_42' title='bbox 1047 815 1146 895; x_wconf 87' lang='lat' dir='ltr'>Dan</span> 
     </span>
     <span class='ocr_line' id='line_1_7' title="bbox 88 913 1148 1066; baseline -0.004 -61"><span class='ocrx_word' id='word_1_43' title='bbox 88 926 194 1032; x_wconf 74' lang='lat' dir='ltr'>,Vis</span> <span class='ocrx_word' id='word_1_44' title='bbox 223 927 334 1066; x_wconf 91' lang='lat' dir='ltr'>quod</span> <span class='ocrx_word' id='word_1_45' title='bbox 356 949 402 1005; x_wconf 84' lang='lat' dir='ltr'>ex</span> <span class='ocrx_word' id='word_1_46' title='bbox 426 928 541 1005; x_wconf 83' lang='lat' dir='ltr'>tribur</span> <span class='ocrx_word' id='word_1_47' title='bbox 576 927 650 1004; x_wconf 82' lang='lat' dir='ltr'>asiis</span> <span class='ocrx_word' id='word_1_48' title='bbox 667 942 814 1012; x_wconf 87' lang='lat' dir='ltr'>ortum</span> <span class='ocrx_word' id='word_1_49' title='bbox 845 942 1024 1028; x_wconf 84' lang='lat' dir='ltr'>vocatque</span> <span class='ocrx_word' id='word_1_50' title='bbox 1047 913 1148 1028; x_wconf 69' lang='grc' dir='ltr'><strong><em>κέρας</em></strong></span> 
     </span>
     <span class='ocr_line' id='line_1_8' title="bbox 94 1029 1148 1149; baseline 0.003 -35.052"><span class='ocrx_word' id='word_1_51' title='bbox 94 1029 394 1149; x_wconf 59' lang='grc' dir='ltr'>ῥςιιιιραφυιιδιιι</span> <span class='ocrx_word' id='word_1_52' title='bbox 411 1049 698 1135; x_wconf 82' lang='lat' dir='ltr'>cornutanpuorn</span> <span class='ocrx_word' id='word_1_53' title='bbox 704 1035 890 1136; x_wconf 81' lang='lat' dir='ltr'>pullulans</span> <span class='ocrx_word' id='word_1_54' title='bbox 905 1061 1075 1138; x_wconf 85' lang='lat' dir='ltr'>parrum,</span> <span class='ocrx_word' id='word_1_55' title='bbox 1085 1041 1148 1118; x_wconf 87' lang='lat' dir='ltr'>ad-</span> 
     </span>
     <span class='ocr_line' id='line_1_9' title="bbox 135 1149 1146 1254; baseline 0.003 -29"><span class='ocrx_word' id='word_1_56' title='bbox 135 1159 257 1240; x_wconf 82' lang='lat' dir='ltr'>atum3</span> <span class='ocrx_word' id='word_1_57' title='bbox 281 1150 378 1228; x_wconf 88' lang='lat' dir='ltr'>unde</span> <span class='ocrx_word' id='word_1_58' title='bbox 389 1150 538 1254; x_wconf 88' lang='lat' dir='ltr'>apudS</span> <span class='ocrx_word' id='word_1_59' title='bbox 553 1149 749 1230; x_wconf 87' lang='lat' dir='ltr'>Barnabam</span> <span class='ocrx_word' id='word_1_60' title='bbox 764 1154 948 1250; x_wconf 93' lang='lat' dir='ltr'>(prout</span> <span class='ocrx_word' id='word_1_61' title='bbox 916 1174 993 1229; x_wconf 77' lang='lat' dir='ltr'>erut</span> <span class='ocrx_word' id='word_1_62' title='bbox 1015 1154 1146 1252; x_wconf 86' lang='lat' dir='ltr'>episto-</span> 
     </span>
     <span class='ocr_line' id='line_1_10' title="bbox 88 1170 1149 1375; baseline 0.003 -37"><span class='ocrx_word' id='word_1_63' title='bbox 88 1170 255 1375; x_wconf 49' lang='lat' dir='ltr'>§ru</span> <span class='ocrx_word' id='word_1_64' title='bbox 207 1261 380 1340; x_wconf 87' lang='lat' dir='ltr'>nonnisi</span> <span class='ocrx_word' id='word_1_65' title='bbox 370 1285 407 1338; x_wconf 87' lang='lat' dir='ltr'>ru</span> <span class='ocrx_word' id='word_1_66' title='bbox 427 1261 589 1341; x_wconf 82' lang='lat' dir='ltr'>versione</span> <span class='ocrx_word' id='word_1_67' title='bbox 612 1262 812 1341; x_wconf 88' lang='lat' dir='ltr'>admodum</span> <span class='ocrx_word' id='word_1_68' title='bbox 836 1278 1008 1361; x_wconf 77' lang='lat' dir='ltr'>conrupta</span> <span class='ocrx_word' id='word_1_69' title='bbox 1037 1263 1149 1343; x_wconf 84' lang='lat' dir='ltr'>habe-</span> 
     </span>
     <span class='ocr_line' id='line_1_11' title="bbox 111 1370 1147 1474; baseline 0.001 -23"><span class='ocrx_word' id='word_1_70' title='bbox 111 1392 215 1460; x_wconf 84' lang='lat' dir='ltr'>mus,</span> <span class='ocrx_word' id='word_1_71' title='bbox 227 1370 429 1471; x_wconf 68' lang='lat' dir='ltr'>&gt;perfidum</span> <span class='ocrx_word' id='word_1_72' title='bbox 479 1375 541 1454; x_wconf 90' lang='lat' dir='ltr'>ubi</span> <span class='ocrx_word' id='word_1_73' title='bbox 574 1371 734 1474; x_wconf 82' lang='lat' dir='ltr'>Vulgata</span> <span class='ocrx_word' id='word_1_74' title='bbox 764 1377 865 1452; x_wconf 84' lang='lat' dir='ltr'>iuxta</span> <span class='ocrx_word' id='word_1_75' title='bbox 897 1389 1041 1453; x_wconf 86' lang='lat' dir='ltr'>textum</span> <span class='ocrx_word' id='word_1_76' title='bbox 1070 1373 1147 1454; x_wconf 87' lang='lat' dir='ltr'>He·</span> 
     </span>
     <span class='ocr_line' id='line_1_12' title="bbox 93 1482 1147 1586; baseline 0.007 -26.117"><span class='ocrx_word' id='word_1_77' title='bbox 93 1482 247 1562; x_wconf 69' lang='lat' dir='ltr'>braum</span> <span class='ocrx_word' id='word_1_78' title='bbox 267 1500 304 1562; x_wconf 91' lang='lat' dir='ltr'>et</span> <span class='ocrx_word' id='word_1_79' title='bbox 321 1484 490 1565; x_wconf 85' lang='lat' dir='ltr'>Graecunt</span> <span class='ocrx_word' id='word_1_80' title='bbox 512 1486 618 1564; x_wconf 89' lang='lat' dir='ltr'>habet</span> <span class='ocrx_word' id='word_1_81' title='bbox 628 1489 838 1583; x_wconf 81' lang='lat' dir='ltr'>potentior</span> <span class='ocrx_word' id='word_1_82' title='bbox 827 1510 865 1564; x_wconf 84' lang='lat' dir='ltr'>tn</span> <span class='ocrx_word' id='word_1_83' title='bbox 883 1485 955 1564; x_wconf 86' lang='lat' dir='ltr'>boc</span> <span class='ocrx_word' id='word_1_84' title='bbox 972 1487 1049 1586; x_wconf 92' lang='lat' dir='ltr'>ipso</span> <span class='ocrx_word' id='word_1_85' title='bbox 1071 1486 1147 1567; x_wconf 91' lang='lat' dir='ltr'>Da·</span> 
     </span>
     <span class='ocr_line' id='line_1_13' title="bbox 88 1582 1149 1711; baseline 0.007 -40"><span class='ocrx_word' id='word_1_86' title='bbox 88 1582 213 1711; x_wconf 53' lang='lat' dir='ltr'>{urielis</span> <span class='ocrx_word' id='word_1_87' title='bbox 231 1618 307 1700; x_wconf 88' lang='lat' dir='ltr'>cap.</span> <span class='ocrx_word' id='word_1_88' title='bbox 325 1595 408 1675; x_wconf 88' lang='lat' dir='ltr'>VH.</span> <span class='ocrx_word' id='word_1_89' title='bbox 428 1619 491 1692; x_wconf 86' lang='lat'>24</span> <span class='ocrx_word' id='word_1_90' title='bbox 522 1595 680 1677; x_wconf 86' lang='lat' dir='ltr'>Videtur</span> <span class='ocrx_word' id='word_1_91' title='bbox 699 1621 789 1675; x_wconf 83' lang='lat' dir='ltr'>vero</span> <span class='ocrx_word' id='word_1_92' title='bbox 809 1602 915 1676; x_wconf 89' lang='lat' dir='ltr'>etiam</span> <span class='ocrx_word' id='word_1_93' title='bbox 934 1598 1071 1678; x_wconf 76' lang='lat' dir='ltr'>sandius</span> <span class='ocrx_word' id='word_1_94' title='bbox 1088 1599 1149 1678; x_wconf 87' lang='lat' dir='ltr'>hic</span> 
     </span>
     <span class='ocr_line' id='line_1_14' title="bbox 88 1705 1144 1835; baseline 0.004 -50"><span class='ocrx_word' id='word_1_95' title='bbox 88 1705 155 1835; x_wconf 70' lang='lat' dir='ltr'>¹ad</span> <span class='ocrx_word' id='word_1_96' title='bbox 180 1730 256 1787; x_wconf 86' lang='lat' dir='ltr'>retu</span> <span class='ocrx_word' id='word_1_97' title='bbox 284 1708 457 1809; x_wconf 78' lang='lat' dir='ltr'>respicere</span> <span class='ocrx_word' id='word_1_98' title='bbox 479 1708 675 1809; x_wconf 81' lang='lat' dir='ltr'>apostolus.</span> <span class='ocrx_word' id='word_1_99' title='bbox 736 1707 850 1786; x_wconf 89' lang='lat' dir='ltr'>Paulo</span> <span class='ocrx_word' id='word_1_100' title='bbox 874 1725 957 1786; x_wconf 84' lang='lat' dir='ltr'>ante</span> <span class='ocrx_word' id='word_1_101' title='bbox 982 1713 1144 1799; x_wconf 85' lang='lat' dir='ltr'>dixerat,</span> 
     </span>
     <span class='ocr_line' id='line_1_15' title="bbox 102 1816 1147 1921; baseline 0.005 -25.019"><span class='ocrx_word' id='word_1_102' title='bbox 102 1817 185 1901; x_wconf 80' lang='lat' dir='ltr'>dies</span> <span class='ocrx_word' id='word_1_103' title='bbox 207 1816 276 1898; x_wconf 86' lang='lat' dir='ltr'>eise</span> <span class='ocrx_word' id='word_1_104' title='bbox 301 1817 558 1921; x_wconf 79' lang='lat' dir='ltr'>nequrtfimos,</span> <span class='ocrx_word' id='word_1_105' title='bbox 588 1822 877 1916; x_wconf 83' lang='lat' dir='ltr'>contrariumque</span> <span class='ocrx_word' id='word_1_106' title='bbox 892 1819 1021 1897; x_wconf 85' lang='lat' dir='ltr'>habere</span> <span class='ocrx_word' id='word_1_107' title='bbox 1038 1821 1147 1901; x_wconf 85' lang='lat' dir='ltr'>huius</span> 
     </span>
     <span class='ocr_line' id='line_1_16' title="bbox 88 1914 1193 2030; baseline -0.001 -20.983"><span class='ocrx_word' id='word_1_108' title='bbox 88 1914 216 2027; x_wconf 89' lang='lat' dir='ltr'>seculi</span> <span class='ocrx_word' id='word_1_109' title='bbox 234 1929 470 2030; x_wconf 87' lang='lat' dir='ltr'>potestatem.</span> <span class='ocrx_word' id='word_1_110' title='bbox 497 1945 533 2008; x_wconf 89' lang='lat' dir='ltr'>et</span> <span class='ocrx_word' id='word_1_111' title='bbox 547 1927 622 2009; x_wconf 87' lang='lat' dir='ltr'>hoc</span> <span class='ocrx_word' id='word_1_112' title='bbox 637 1929 713 2030; x_wconf 87' lang='lat' dir='ltr'>rpso</span> <span class='ocrx_word' id='word_1_113' title='bbox 728 1930 868 2008; x_wconf 88' lang='lat' dir='ltr'>locon</span> <span class='ocrx_word' id='word_1_114' title='bbox 889 1927 1028 2025; x_wconf 85' lang='lat' dir='ltr'><em>4.„b)</em></span> <span class='ocrx_word' id='word_1_115' title='bbox 1042 1931 1147 2010; x_wconf 91' lang='lat' dir='ltr'>Con</span> <span class='ocrx_word' id='word_1_116' title='bbox 1189 1980 1193 1989; x_wconf 64' lang='grc'><strong>«</strong></span> 
     </span>
     <span class='ocr_line' id='line_1_17' title="bbox 88 2037 1143 2143; baseline 0.005 -26.361"><span class='ocrx_word' id='word_1_117' title='bbox 88 2041 333 2137; x_wconf 50' lang='lat' dir='ltr'>„summata</span> <span class='ocrx_word' id='word_1_118' title='bbox 352 2043 450 2118; x_wconf 83' lang='lat' dir='ltr'>eninr</span> <span class='ocrx_word' id='word_1_119' title='bbox 469 2037 645 2143; x_wconf 92' lang='lat' dir='ltr'>(inquit)</span> <span class='ocrx_word' id='word_1_120' title='bbox 664 2045 840 2130; x_wconf 85' lang='lat' dir='ltr'>tentatio,</span> <span class='ocrx_word' id='word_1_121' title='bbox 870 2039 893 2118; x_wconf 93' lang='lat' dir='ltr'>s</span> <span class='ocrx_word' id='word_1_122' title='bbox 897 2055 959 2125; x_wconf 86' lang='lat' dir='ltr'>cut</span> <span class='ocrx_word' id='word_1_123' title='bbox 973 2043 1143 2142; x_wconf 90' lang='lat' dir='ltr'>scriptum</span> 
     </span>
     <span class='ocr_line' id='line_1_18' title="bbox 88 2094 1144 2275; baseline 0.004 -47.062"><span class='ocrx_word' id='word_1_124' title='bbox 88 2204 131 2275; x_wconf 82' lang='lat'>,‚</span> <span class='ocrx_word' id='word_1_125' title='bbox 88 2094 232 2239; x_wconf 49' lang='lat' dir='ltr'>must</span> <span class='ocrx_word' id='word_1_126' title='bbox 249 2150 480 2232; x_wconf 87' lang='lat' dir='ltr'>sicutDanies</span> <span class='ocrx_word' id='word_1_127' title='bbox 496 2152 601 2242; x_wconf 86' lang='lat' dir='ltr'>dicit,</span> <span class='ocrx_word' id='word_1_128' title='bbox 618 2152 931 2257; x_wconf 82' lang='lat' dir='ltr'>adpropinquavit</span> <span class='ocrx_word' id='word_1_129' title='bbox 990 2153 1144 2255; x_wconf 87' lang='lat' dir='ltr'>Propter</span> 
     </span>
     <span class='ocr_line' id='line_1_19' title="bbox 88 2260 1146 2389; baseline 0.005 -50.058"><span class='ocrx_word' id='word_1_130' title='bbox 88 2315 131 2389; x_wconf 79' lang='lat'>:”</span> <span class='ocrx_word' id='word_1_131' title='bbox 160 2263 233 2342; x_wconf 92' lang='lat' dir='ltr'>hoc</span> <span class='ocrx_word' id='word_1_132' title='bbox 256 2266 353 2343; x_wconf 88' lang='lat' dir='ltr'>enim</span> <span class='ocrx_word' id='word_1_133' title='bbox 374 2262 559 2345; x_wconf 77' lang='lat' dir='ltr'>Dominus</span> <span class='ocrx_word' id='word_1_134' title='bbox 583 2264 764 2344; x_wconf 85' lang='lat' dir='ltr'>interdicit</span> <span class='ocrx_word' id='word_1_135' title='bbox 782 2260 1024 2363; x_wconf 86' lang='lat' dir='ltr'>(intercidit)</span> <span class='ocrx_word' id='word_1_136' title='bbox 1052 2282 1146 2346; x_wconf 88' lang='lat' dir='ltr'>tem·</span> 
     </span>
     <span class='ocr_line' id='line_1_20' title="bbox 88 2377 1144 2476; baseline 0.006 -24"><span class='ocrx_word' id='word_1_137' title='bbox 88 2428 132 2470; x_wconf 76' lang='grc'>,,,</span> <span class='ocrx_word' id='word_1_138' title='bbox 161 2398 249 2476; x_wconf 91' lang='lat' dir='ltr'>pora</span> <span class='ocrx_word' id='word_1_139' title='bbox 274 2390 312 2453; x_wconf 91' lang='lat' dir='ltr'>et</span> <span class='ocrx_word' id='word_1_140' title='bbox 331 2377 426 2464; x_wconf 83' lang='lat' dir='ltr'>dier,</span> <span class='ocrx_word' id='word_1_141' title='bbox 456 2391 498 2457; x_wconf 90' lang='lat' dir='ltr'>ut</span> <span class='ocrx_word' id='word_1_142' title='bbox 525 2377 699 2456; x_wconf 89' lang='lat' dir='ltr'>acceleret</span> <span class='ocrx_word' id='word_1_143' title='bbox 725 2377 871 2457; x_wconf 71' lang='lat' dir='ltr'>ortanus</span> <span class='ocrx_word' id='word_1_144' title='bbox 893 2377 985 2456; x_wconf 87' lang='lat' dir='ltr'>iilius</span> <span class='ocrx_word' id='word_1_145' title='bbox 1001 2378 1047 2459; x_wconf 90' lang='lat' dir='ltr'>ad</span> <span class='ocrx_word' id='word_1_146' title='bbox 1074 2379 1144 2458; x_wconf 78' lang='lat' dir='ltr'>he-</span> 
     </span>
     <span class='ocr_line' id='line_1_21' title="bbox 105 2487 1144 2592; baseline 0.006 -29"><span class='ocrx_word' id='word_1_147' title='bbox 105 2541 132 2581; x_wconf 87' lang='lat'>„</span> <span class='ocrx_word' id='word_1_148' title='bbox 160 2487 346 2566; x_wconf 87' lang='lat' dir='ltr'>reditutem</span> <span class='ocrx_word' id='word_1_149' title='bbox 373 2488 482 2567; x_wconf 90' lang='lat' dir='ltr'>suam</span> <span class='ocrx_word' id='word_1_150' title='bbox 539 2487 642 2569; x_wconf 88' lang='lat' dir='ltr'>Dicit</span> <span class='ocrx_word' id='word_1_151' title='bbox 664 2493 761 2567; x_wconf 88' lang='lat' dir='ltr'>enim</span> <span class='ocrx_word' id='word_1_152' title='bbox 785 2489 985 2592; x_wconf 88' lang='lat' dir='ltr'>propheta:</span> <span class='ocrx_word' id='word_1_153' title='bbox 1017 2489 1144 2589; x_wconf 84' lang='lat' dir='ltr'>Regna</span> 
     </span>
     <span class='ocr_line' id='line_1_22' title="bbox 104 2601 1145 2700; baseline 0.003 -23"><span class='ocrx_word' id='word_1_154' title='bbox 104 2652 131 2694; x_wconf 87' lang='lat'>,‚</span> <span class='ocrx_word' id='word_1_155' title='bbox 161 2602 197 2677; x_wconf 89' lang='lat' dir='ltr'>io</span> <span class='ocrx_word' id='word_1_156' title='bbox 227 2603 332 2677; x_wconf 85' lang='lat' dir='ltr'>t&#39;erris</span> <span class='ocrx_word' id='word_1_157' title='bbox 365 2601 491 2678; x_wconf 88' lang='lat' dir='ltr'>decem</span> <span class='ocrx_word' id='word_1_158' title='bbox 528 2603 759 2699; x_wconf 86' lang='lat' dir='ltr'>regnabunt,</span> <span class='ocrx_word' id='word_1_159' title='bbox 800 2617 837 2678; x_wconf 87' lang='lat' dir='ltr'>et</span> <span class='ocrx_word' id='word_1_160' title='bbox 859 2601 1019 2700; x_wconf 86' lang='lat' dir='ltr'>resurget</span> <span class='ocrx_word' id='word_1_161' title='bbox 1046 2621 1145 2680; x_wconf 89' lang='lat' dir='ltr'>retro</span> 
     </span>
     <span class='ocr_line' id='line_1_23' title="bbox 103 2709 1145 2827; baseline 0.006 -39"><span class='ocrx_word' id='word_1_162' title='bbox 103 2764 133 2806; x_wconf 87' lang='lat'>,‚</span> <span class='ocrx_word' id='word_1_163' title='bbox 161 2709 313 2827; x_wconf 77' lang='lat' dir='ltr'>pusillus.</span> <span class='ocrx_word' id='word_1_164' title='bbox 372 2709 433 2788; x_wconf 88' lang='lat' dir='ltr'>De</span> <span class='ocrx_word' id='word_1_165' title='bbox 457 2712 529 2788; x_wconf 91' lang='lat' dir='ltr'>hoc</span> <span class='ocrx_word' id='word_1_166' title='bbox 552 2711 628 2811; x_wconf 91' lang='lat' dir='ltr'>ipso</span> <span class='ocrx_word' id='word_1_167' title='bbox 650 2712 737 2789; x_wconf 90' lang='lat' dir='ltr'>dicit</span> <span class='ocrx_word' id='word_1_168' title='bbox 765 2714 896 2790; x_wconf 85' lang='lat' dir='ltr'>iterum</span> <span class='ocrx_word' id='word_1_169' title='bbox 917 2709 1069 2790; x_wconf 87' lang='lat' dir='ltr'>Daniel:</span> <span class='ocrx_word' id='word_1_170' title='bbox 1101 2712 1145 2794; x_wconf 85' lang='lat' dir='ltr'>Et</span> 
     </span>
     <span class='ocr_line' id='line_1_24' title="bbox 105 2809 1147 2924; baseline 0.006 -27"><span class='ocrx_word' id='word_1_171' title='bbox 105 2876 133 2916; x_wconf 90' lang='lat'>„</span> <span class='ocrx_word' id='word_1_172' title='bbox 162 2821 235 2899; x_wconf 82' lang='lat' dir='ltr'>ridi</span> <span class='ocrx_word' id='word_1_173' title='bbox 260 2809 427 2923; x_wconf 65' lang='lat' dir='ltr'>uuartam</span> <span class='ocrx_word' id='word_1_174' title='bbox 451 2823 595 2899; x_wconf 82' lang='lat' dir='ltr'>bestiam</span> <span class='ocrx_word' id='word_1_175' title='bbox 623 2846 779 2924; x_wconf 86' lang='lat' dir='ltr'>nequam</span> <span class='ocrx_word' id='word_1_176' title='bbox 805 2842 842 2901; x_wconf 89' lang='lat' dir='ltr'>et</span> <span class='ocrx_word' id='word_1_177' title='bbox 869 2823 1002 2902; x_wconf 89' lang='lat' dir='ltr'>sortem</span> <span class='ocrx_word' id='word_1_178' title='bbox 1024 2823 1147 2903; x_wconf 86' lang='lat' dir='ltr'>saevio·</span> 
     </span>
     <span class='ocr_line' id='line_1_25' title="bbox 106 2934 1144 3036; baseline 0.004 -27"><span class='ocrx_word' id='word_1_179' title='bbox 106 2987 135 3028; x_wconf 89' lang='lat'>„</span> <span class='ocrx_word' id='word_1_180' title='bbox 163 2956 239 3009; x_wconf 89' lang='lat' dir='ltr'>rem</span> <span class='ocrx_word' id='word_1_181' title='bbox 258 2936 394 3010; x_wconf 83' lang='lat' dir='ltr'>caeteris</span> <span class='ocrx_word' id='word_1_182' title='bbox 421 2934 538 3011; x_wconf 83' lang='lat' dir='ltr'>bestiis</span> <span class='ocrx_word' id='word_1_183' title='bbox 562 2938 736 3022; x_wconf 84' lang='lat' dir='ltr'>marinis,</span> <span class='ocrx_word' id='word_1_184' title='bbox 774 2951 810 3020; x_wconf 85' lang='lat' dir='ltr'>et</span> <span class='ocrx_word' id='word_1_185' title='bbox 826 2953 1067 3036; x_wconf 83' lang='lat' dir='ltr'>apparuerunt</span> <span class='ocrx_word' id='word_1_186' title='bbox 1092 2937 1144 3014; x_wconf 86' lang='lat' dir='ltr'>ilii</span> 
     </span>
     <span class='ocr_line' id='line_1_26' title="bbox 106 3043 1145 3139; baseline 0.006 -18"><span class='ocrx_word' id='word_1_187' title='bbox 106 3099 134 3139; x_wconf 87' lang='lat'>,‚</span> <span class='ocrx_word' id='word_1_188' title='bbox 162 3043 288 3123; x_wconf 87' lang='lat' dir='ltr'>decem</span> <span class='ocrx_word' id='word_1_189' title='bbox 308 3068 472 3125; x_wconf 87' lang='lat' dir='ltr'>cornua:</span> <span class='ocrx_word' id='word_1_190' title='bbox 500 3060 538 3123; x_wconf 91' lang='lat' dir='ltr'>et</span> <span class='ocrx_word' id='word_1_191' title='bbox 557 3045 712 3125; x_wconf 88' lang='lat' dir='ltr'>ascendit</span> <span class='ocrx_word' id='word_1_192' title='bbox 733 3047 830 3125; x_wconf 85' lang='lat' dir='ltr'>aliud</span> <span class='ocrx_word' id='word_1_193' title='bbox 848 3070 963 3126; x_wconf 91' lang='lat' dir='ltr'>cornu</span> <span class='ocrx_word' id='word_1_194' title='bbox 983 3050 1117 3131; x_wconf 90' lang='lat' dir='ltr'>breve</span> <span class='ocrx_word' id='word_1_195' title='bbox 1107 3073 1145 3127; x_wconf 89' lang='lat' dir='ltr'>ru</span> 
     </span>
     <span class='ocr_line' id='line_1_27' title="bbox 108 3155 1147 3253; baseline 0.006 -21"><span class='ocrx_word' id='word_1_196' title='bbox 108 3211 135 3253; x_wconf 81' lang='lat'><strong>„</strong></span> <span class='ocrx_word' id='word_1_197' title='bbox 162 3158 286 3235; x_wconf 90' lang='lat' dir='ltr'>medio</span> <span class='ocrx_word' id='word_1_198' title='bbox 312 3155 480 3247; x_wconf 87' lang='lat' dir='ltr'>iliorum,</span> <span class='ocrx_word' id='word_1_199' title='bbox 510 3173 548 3237; x_wconf 92' lang='lat' dir='ltr'>et</span> <span class='ocrx_word' id='word_1_200' title='bbox 564 3158 694 3238; x_wconf 88' lang='lat' dir='ltr'>deiecit</span> <span class='ocrx_word' id='word_1_201' title='bbox 714 3181 852 3239; x_wconf 90' lang='lat' dir='ltr'>cornua</span> <span class='ocrx_word' id='word_1_202' title='bbox 870 3161 937 3238; x_wconf 87' lang='lat' dir='ltr'>tria</span> <span class='ocrx_word' id='word_1_203' title='bbox 961 3159 1009 3238; x_wconf 90' lang='lat' dir='ltr'>de</span> <span class='ocrx_word' id='word_1_204' title='bbox 1031 3165 1147 3239; x_wconf 88' lang='lat' dir='ltr'>maio·</span> 
     </span>
     <span class='ocr_line' id='line_1_28' title="bbox 104 3270 502 3363; baseline 0.005 -18"><span class='ocrx_word' id='word_1_205' title='bbox 104 3311 140 3363; x_wconf 79' lang='lat'>„·</span> <span class='ocrx_word' id='word_1_206' title='bbox 161 3270 258 3348; x_wconf 75' lang='lat' dir='ltr'>ribus</span> <span class='ocrx_word' id='word_1_207' title='bbox 279 3271 453 3349; x_wconf 81' lang='lat' dir='ltr'>cornibus</span> <span class='ocrx_word' id='word_1_208' title='bbox 470 3322 502 3363; x_wconf 87' lang='lat'>„.</span> 
     </span>
    </p>
   </div>
   <div class='ocr_carea' id='block_1_3' title="bbox 110 3425 1149 3870">
    <p class='ocr_par' dir='ltr' id='par_1_3' title="bbox 126 3425 1146 3535">
     <span class='ocr_line' id='line_1_29' title="bbox 126 3425 1146 3535; baseline 0.006 -30"><span class='ocrx_word' id='word_1_209' title='bbox 126 3478 129 3485; x_wconf 69' lang='grc'><strong><em>«</em></strong></span> <span class='ocrx_word' id='word_1_210' title='bbox 196 3427 291 3507; x_wconf 88' lang='lat' dir='ltr'>Sunt</span> <span class='ocrx_word' id='word_1_211' title='bbox 311 3430 480 3533; x_wconf 88' lang='lat' dir='ltr'>equidem</span> <span class='ocrx_word' id='word_1_212' title='bbox 512 3425 624 3509; x_wconf 90' lang='lat' dir='ltr'>hodie</span> <span class='ocrx_word' id='word_1_213' title='bbox 645 3432 749 3533; x_wconf 86' lang='lat' dir='ltr'>pauci</span> <span class='ocrx_word' id='word_1_214' title='bbox 776 3430 923 3534; x_wconf 87' lang='lat' dir='ltr'>quidam</span> <span class='ocrx_word' id='word_1_215' title='bbox 951 3429 1146 3535; x_wconf 82' lang='lat' dir='ltr'>Porphyrii</span> 
     </span>
    </p>

    <p class='ocr_par' dir='ltr' id='par_1_4' title="bbox 110 3538 1149 3648">
     <span class='ocr_line' id='line_1_30' title="bbox 110 3538 1149 3648; baseline -0.003 -28"><span class='ocrx_word' id='word_1_216' title='bbox 110 3563 156 3620; x_wconf 83' lang='lat' dir='ltr'>uc</span> <span class='ocrx_word' id='word_1_217' title='bbox 176 3538 400 3628; x_wconf 82' lang='lat' dir='ltr'>ludaeorum,</span> <span class='ocrx_word' id='word_1_218' title='bbox 429 3544 493 3644; x_wconf 91' lang='lat' dir='ltr'>qui</span> <span class='ocrx_word' id='word_1_219' title='bbox 512 3542 587 3621; x_wconf 85' lang='lat' dir='ltr'>haec</span> <span class='ocrx_word' id='word_1_220' title='bbox 605 3545 728 3620; x_wconf 90' lang='lat' dir='ltr'>omnia</span> <span class='ocrx_word' id='word_1_221' title='bbox 750 3544 794 3620; x_wconf 85' lang='lat' dir='ltr'>ad</span> <span class='ocrx_word' id='word_1_222' title='bbox 818 3544 1041 3627; x_wconf 83' lang='lat' dir='ltr'>Antiochum</span> <span class='ocrx_word' id='word_1_223' title='bbox 1063 3543 1149 3648; x_wconf 85' lang='lat' dir='ltr'>Epi.</span> 
     </span>
    </p>

    <p class='ocr_par' dir='ltr' id='par_1_5' title="bbox 114 3651 1149 3870">
     <span class='ocr_line' id='line_1_31' title="bbox 114 3651 1149 3758; baseline 0.012 -30"><span class='ocrx_word' id='word_1_224' title='bbox 114 3651 272 3756; x_wconf 78' lang='lat' dir='ltr'>phanum</span> <span class='ocrx_word' id='word_1_225' title='bbox 291 3655 512 3752; x_wconf 79' lang='lat' dir='ltr'>retulerunt,</span> <span class='ocrx_word' id='word_1_226' title='bbox 541 3657 711 3758; x_wconf 86' lang='lat' dir='ltr'>patroni,</span> <span class='ocrx_word' id='word_1_227' title='bbox 741 3671 850 3758; x_wconf 88' lang='lat' dir='ltr'>atque</span> <span class='ocrx_word' id='word_1_228' title='bbox 870 3661 963 3738; x_wconf 86' lang='lat' dir='ltr'>inter</span> <span class='ocrx_word' id='word_1_229' title='bbox 985 3656 1055 3735; x_wconf 92' lang='lat' dir='ltr'>hos</span> <span class='ocrx_word' id='word_1_230' title='bbox 1080 3683 1149 3741; x_wconf 90' lang='lat' dir='ltr'>nu·</span> 
     </span>
     <span class='ocr_line' id='line_1_32' title="bbox 592 3765 1091 3870; baseline 0.004 -24"><span class='ocrx_word' id='word_1_231' title='bbox 592 3765 626 3846; x_wconf 89' lang='lat' dir='ltr'>R</span> <span class='ocrx_word' id='word_1_232' title='bbox 659 3786 679 3860; x_wconf 83' lang='grc' dir='ltr'><strong>ς</strong></span> <span class='ocrx_word' id='word_1_233' title='bbox 936 3775 1091 3870; x_wconf 88' lang='lat' dir='ltr'>perrime</span> 
     </span>
    </p>
   </div>
   <div class='ocr_carea' id='block_1_4' title="bbox 156 3916 993 4089">
    <p class='ocr_par' dir='ltr' id='par_1_6' title="bbox 156 3916 993 4089">
     <span class='ocr_line' id='line_1_33' title="bbox 156 3916 604 4001; baseline 0.004 -19"><span class='ocrx_word' id='word_1_234' title='bbox 156 3921 190 4001; x_wconf 88' lang='lat' dir='ltr'>n)</span> <span class='ocrx_word' id='word_1_235' title='bbox 212 3916 296 3995; x_wconf 78' lang='lat' dir='ltr'>Apud</span> <span class='ocrx_word' id='word_1_236' title='bbox 316 3917 399 3983; x_wconf 83' lang='lat' dir='ltr'>Fabr.</span> <span class='ocrx_word' id='word_1_237' title='bbox 419 3939 448 3982; x_wconf 89' lang='grc' dir='ltr'>ιι.</span> <span class='ocrx_word' id='word_1_238' title='bbox 482 3927 529 3983; x_wconf 78' lang='lat'>16.</span> <span class='ocrx_word' id='word_1_239' title='bbox 557 3939 604 3984; x_wconf 71' lang='grc' dir='ltr'>ιι.</span> 
     </span>
     <span class='ocr_line' id='line_1_34' title="bbox 158 4001 993 4089; baseline 0.008 -25"><span class='ocrx_word' id='word_1_240' title='bbox 158 4005 192 4079; x_wconf 80' lang='lat' dir='ltr'>ir)</span> <span class='ocrx_word' id='word_1_241' title='bbox 213 4018 243 4064; x_wconf 89' lang='lat' dir='ltr'>n.</span> <span class='ocrx_word' id='word_1_242' title='bbox 268 4018 295 4065; x_wconf 80' lang='lat' dir='ltr'>a.</span> <span class='ocrx_word' id='word_1_243' title='bbox 313 4002 392 4082; x_wconf 86' lang='lat' dir='ltr'>apud</span> <span class='ocrx_word' id='word_1_244' title='bbox 412 4003 537 4070; x_wconf 83' lang='lat' dir='ltr'>Coteier.</span> <span class='ocrx_word' id='word_1_245' title='bbox 558 4005 656 4073; x_wconf 80' lang='lat' dir='ltr'>Patren</span> <span class='ocrx_word' id='word_1_246' title='bbox 679 4002 776 4089; x_wconf 74' lang='lat' dir='ltr'>apost</span> <span class='ocrx_word' id='word_1_247' title='bbox 799 4001 838 4069; x_wconf 86' lang='grc' dir='ltr'>Τ.</span> <span class='ocrx_word' id='word_1_248' title='bbox 860 4003 885 4070; x_wconf 92' lang='lat' dir='ltr'>t.</span> <span class='ocrx_word' id='word_1_249' title='bbox 901 4022 931 4086; x_wconf 86' lang='lat' dir='ltr'>p.</span> <span class='ocrx_word' id='word_1_250' title='bbox 947 4012 993 4086; x_wconf 73' lang='lat'>56,</span> 
     </span>
    </p>
   </div>
   <div class='ocr_carea' id='block_1_5' title="bbox 0 0 1264 4958">
    <p class='ocr_par' dir='ltr' id='par_1_7' title="bbox 0 0 1264 4958">
     <span class='ocr_line' id='line_1_35' title="bbox 0 0 1264 4958; baseline 0 0"><span class='ocrx_word' id='word_1_251' title='bbox 0 0 1264 4958; x_wconf 95' lang='lat' dir='ltr'> </span> 
     </span>
    </p>
   </div>
  </div>
 </body>
</html>
