2512 4620
295 226 448 304 regnam
466 199 598 297 caralis
613 202 654 282 in
670 204 792 285 terris.
811 226 841 283 e.
859 201 961 286 LIX.
1070 198 1150 303 ἐις

104 379 144 447 te
161 369 201 445 in
219 364 390 445 horreum
415 390 541 444 meum.
601 364 677 447 lam
696 380 814 456 tunc,
844 392 942 469 quoe
967 367 1034 447 luo
1059 367 1152 448 loco

104 484 343 567 notavimus,
381 494 504 567 erant,
544 480 606 581 qui
639 477 756 580 ipsum
773 503 903 578 agrum
922 480 1151 559 dominicum

102 596 290 672 civitatem
311 590 404 679 Dei,
438 614 671 691 regnumque
701 590 835 671 Christi
857 590 1047 671 Ecclesiam
1066 594 1154 672 blas·

103 707 353 808 phemabant,
398 718 435 782 et
460 705 574 804 impie
602 703 863 781 Antichristum
895 726 980 782 cum
1006 704 1153 785 Christo

105 821 147 896 io
168 821 245 896 eius
269 818 428 902 vicariis,
476 814 716 917 quaerebant,
772 830 869 918 quos
890 812 988 896 Otto
1010 840 1088 919 cap.
1116 841 1154 897 2.

104 944 215 1008 notat
246 928 292 1006 de
327 925 535 1005 discessione
570 927 769 1016 trellanus
804 950 914 1029 quam
947 925 1078 1006 Paulus
1107 928 1154 1008 ll.

104 1038 230 1121 Thess.
250 1040 294 1118 ll.
315 1053 496 1117 memorat
520 1035 767 1140 praecessuram
795 1038 1055 1117 revelationem
1077 1063 1157 1143 my.

105 1154 202 1233 sterii
227 1154 427 1253 iniquitatis
454 1154 493 1229 in
518 1151 671 1229 homine
698 1151 856 1250 peccati,
890 1148 967 1229 filio
984 1152 1159 1251 perditio-

105 1270 184 1353 nie,
204 1263 441 1353 Antichristo,
473 1266 525 1342 uti
544 1262 719 1369 lrailenus¹
732 1284 779 1339 ert
801 1262 997 1340 traditione
1016 1263 1077 1343 SS.
1091 1262 1155 1343 Pa·

105 1390 208 1467 trum
227 1376 512 1476 explicavimus,
542 1398 584 1453 ac
600 1374 673 1476 ipse
695 1375 745 1453 ibi
775 1376 894 1477 tangit
918 1371 1038 1465 Otto.
1067 1372 1159 1455 illud

103 1487 158 1571 D.
182 1488 281 1568 Pauli
298 1510 371 1588 prae
388 1488 503 1565 oculis
523 1486 676 1566 habens:
707 1484 808 1589 Quid
831 1486 1011 1576 detineat,
1031 1484 1158 1586 scitis,

103 1613 150 1681 aa
174 1599 354 1678 reueletur
370 1600 410 1675 in
420 1598 488 1698 suo
505 1611 680 1698 tempora:
708 1655 731 1691 ‚,
749 1597 945 1699 Tanquam
960 1596 985 1676 si
1001 1598 1158 1687 diceret,

106 1770 134 1810 „
163 1714 253 1792 Non
276 1727 360 1789 ante
386 1711 626 1798 revelabitur,
672 1732 783 1811 quam
811 1710 996 1811 completa
1027 1712 1160 1791 malitia

107 1882 135 1922 „
165 1822 465 1904 Amorrhaeorunt
487 1835 654 1921 tempus,
675 1820 778 1921 quod
794 1820 1009 1898 manifestari
1030 1822 1158 1914 debet,

108 1995 135 2034 ,,
163 1937 345 2014 adveniat.
404 1932 515 2011 Unde
534 1949 571 2010 et
589 1932 683 2009 hanc
702 1929 808 2033 ipsius
827 1930 1085 2009 revelationem
1106 1935 1159 2010 di.

107 2105 136 2145 ‚,
164 2045 368 2125 sceslionem
394 2042 642 2147 processuram
666 2057 795 2121 narrat.
854 2040 1078 2121 Tuncenim
1100 2067 1162 2122 ve·

106 2217 136 2257 „
167 2184 204 2236 re
229 2172 338 2260 caput
355 2160 488 2234 erroris
505 2158 711 2259 apparebit,
740 2178 828 2234 cum
854 2154 974 2233 relisia
991 2159 1159 2245 veritate,

109 2329 137 2370 ,,
164 2296 183 2348 a
204 2273 361 2349 veritatis
389 2269 536 2347 audiore
561 2284 662 2348 totus
692 2292 785 2370 pene
805 2268 967 2347 muudus
991 2268 1159 2347 discedet.

110 2442 138 2482 ‚,
167 2382 329 2477 Quidam
368 2380 646 2469 disceffionem,
690 2395 726 2458 et
754 2380 828 2459 hoc
864 2381 967 2481 quod
1007 2381 1159 2460 dicitur:

111 2554 138 2593 „
167 2495 242 2602 Qui
271 2505 396 2583 tenet,
443 2505 591 2583 tenent,
632 2492 738 2570 donec
777 2493 818 2569 de
850 2493 964 2569 medio
977 2491 1075 2591 fiat,
1118 2494 1163 2573 ad

109 2667 139 2706 ,‚
167 2632 323 2709 regnum
338 2612 641 2705 interpretantur,
665 2618 706 2681 ut
721 2603 853 2682 scilicet
869 2606 1043 2682 omnibus
1057 2629 1164 2682 amo·

113 2778 140 2818 „
171 2746 209 2797 re
238 2718 412 2796 scelerum
440 2716 581 2793 iustitiae
609 2716 876 2804 renitentibus,
925 2739 968 2793 ac
998 2740 1062 2817 per
1088 2716 1164 2795 hoc

113 2891 141 2930 „
170 2831 335 2909 aiustitia
364 2831 467 2929 regni
495 2826 778 2914 discedentibus,
820 2826 865 2903 ad
893 2841 1051 2915 tantam,
1100 2830 1166 2930 qui

114 3002 141 3042 „
172 2966 327 3042 reguum
349 2956 472 3030 tenet.
503 2938 743 3017 deieslionem
767 2940 914 3026 veniat.
946 2952 988 3019 ut
1014 2937 1086 3017 sine
1112 2964 1165 3016 re·

116 3115 142 3153 „
173 3057 333 3133 verentia
353 3053 398 3131 de
424 3053 573 3141 medio,
605 3052 641 3129 id
668 3052 745 3138 eii,
776 3050 821 3129 de
841 3054 1033 3130 communi
1059 3052 1167 3152 quili-

117 3227 143 3267 „
174 3172 234 3247 bet
258 3166 304 3243 de
323 3165 426 3267 plebe
460 3162 531 3243 fiat.
589 3162 701 3244 Unde
730 3178 766 3241 et
789 3166 913 3253 aiunt,
959 3163 1166 3265 apostolum

123 3339 148 3378 ,‚
174 3280 251 3362 haec
278 3279 342 3357 sub
378 3289 596 3376 tegumento
620 3333 631 3364 ,
689 3276 935 3377 verborumqe
968 3272 1168 3354 involucrii

120 3452 145 3490 ‚,
176 3389 354 3493 posuisse,
393 3413 439 3465 ne
462 3388 626 3465 videlicet
651 3386 826 3466 Romano
854 3390 1034 3490 imperio,
1064 3388 1167 3491 quod

120 3564 146 3602 „
175 3505 219 3581 ab
239 3502 317 3604 ipfis
342 3517 515 3580 aeternum
543 3500 757 3598 putabatur,
787 3500 1005 3579 calumniam
1031 3498 1169 3578 intulis·

123 3675 147 3714 „
179 3613 239 3701 se,
279 3614 469 3692 videretur.
530 3610 617 3705 Qua
643 3612 689 3688 de
717 3636 755 3691 re
781 3629 817 3691 et
836 3613 910 3690 hoc
940 3612 1074 3690 dissum
1102 3636 1169 3715 pu·

124 3786 148 3826 „
176 3742 274 3805 tant:
321 3723 421 3828 Quid
450 3725 604 3802 detineat
627 3723 754 3823 scitis,
789 3748 831 3802 ac
853 3723 877 3801 sr
902 3724 1059 3812 diceret,
1096 3726 1169 3803 hoc

127 3896 152 3939 ,
181 3837 284 3946 quod
312 3860 380 3917 vor
399 3838 519 3927 scitis,
565 3836 782 3942 alienigenae
805 3835 986 3916 manifesta
1016 3836 1165 3915 demon

889 4032 915 4075 „
935 3978 1115 4101 litatione
