2506 4958
88 190 101 215 Ἰ
161 245 174 269 ·’
226 270 379 349 regnum
400 236 981 335 cariaiinimis.c.XXXVll·
1042 266 1121 342 3²5
1222 350 1228 357 .

88 438 196 520 penca
213 413 308 493 soros
328 411 532 491 Germanos
549 405 634 509 effet
655 410 709 486 ius
724 407 880 506 eligendi
901 431 1026 508 regem
1043 406 1120 489 Ro.

88 550 303 615 manorum,
325 527 388 626 qui
403 523 484 623 post
503 521 664 598 diadema
683 543 701 597 a
720 517 832 597 Rom.
855 517 894 605 Ρ.
906 537 1118 633 acceptum,

88 647 344 744 imperatorer
369 637 540 734 augustus
567 633 786 712 salutaretur.

151 801 304 901 luto—gro
321 795 443 878 seculo
456 795 614 880 nonoad
626 797 724 878 initia
737 793 923 896 usqueseo
935 793 988 876 X.
1009 821 1119 898 penca

88 919 230 1017 stirpem
265 911 468 1009 Caroliugo
482 907 715 990 -Francicam
738 908 854 987 iuerat
876 908 1030 1010 dignitas
1053 915 1122 987 im-

88 1028 275 1133 peratoria.
335 1021 506 1124 Cumque
525 1046 566 1101 ea
581 1023 688 1102 etiarn
705 1045 759 1097 an.
778 1041 871 1110 912.
892 1024 929 1096 in
953 1019 1120 1103 Ludovi.

88 1167 134 1221 co
160 1138 299 1223 Infante
325 1133 409 1219 ciret
437 1133 625 1219 extinua,
677 1133 796 1212 nescio
817 1155 861 1207 an
896 1138 1117 1233 nongentis

88 1254 208 1337 saltem
232 1249 409 1337 Francicae
436 1248 473 1328 in
507 1244 683 1331 Conrado
717 1245 889 1344 eligendo
915 1244 1120 1328 Germaniae

88 1360 258 1469 proceres
286 1365 467 1441 rationem
494 1358 701 1443 habuerint,
743 1357 788 1434 de
822 1380 897 1460 quo
924 1354 1120 1461 Luitpran.

88 1477 157 1557 dus
174 1472 232 1564 u):
259 1471 373 1568 „Hac
401 1470 607 1570 tempestate
624 1467 834 1549 Ludovicus
855 1494 919 1552 rex
942 1476 1116 1558 moritur:
1230 1541 1232 1544 ,

88 1648 107 1685 ,,
139 1587 332 1669 Conradus
350 1608 441 1684 ergo
469 1582 693 1663 Francorum
722 1605 769 1662 ex
785 1600 896 1686 gente
914 1586 1116 1675 oriundus.

88 1760 108 1797 ‚‚
138 1704 190 1778 vir
210 1699 399 1785 strenuus,
446 1696 696 1796 bellorumque
717 1702 891 1778 exercitio
915 1699 1042 1785 doiius
1070 1719 1118 1777 cx

89 1871 115 1909 „
139 1812 275 1900 cuniiiu
307 1836 324 1887 a
347 1808 490 1917 populis
517 1802 723 1892 ordinatur.
783 1809 925 1894 Verum
954 1809 1017 1890 nifl
1044 1810 1119 1911 pal·
1217 1844 1220 1856 ³

88 1984 110 2021 ,,
139 1925 209 2011 lida
231 1946 332 2003 mors
355 1946 439 2007 eum
458 1917 618 2006 citiffirne
643 1937 803 2022 raperet,
833 1919 983 2025 ineffet.
1014 1924 1119 2000 cuiue
1146 1946 1151 1967 ¹

88 2097 112 2133 „
141 2060 278 2114 nomen
318 2032 440 2120 multis
479 2033 606 2110 mundi
640 2033 849 2119 nationibus
876 2038 1068 2134 imperaret
1083 2091 1117 2127 „.

88 2148 182 2235 Eum
204 2147 350 2250 quidem
380 2146 475 2248 apud
493 2143 771 2227 Witichindum
796 2145 919 2227 Caroli
939 2146 1120 2247 Simplicia

88 2260 287 2349 Galliarum
305 2261 399 2356 regis
426 2258 470 2336 ad
497 2257 701 2348 Henricum
736 2283 913 2358 aucupem
942 2283 1000 2337 an.
1025 2281 1117 2351 920.

88 2375 225 2473 legatos
261 2373 441 2454 Saxonem
470 2373 633 2472 appellat.
693 2371 792 2462 Cum
823 2376 928 2449 etiarn
964 2371 1120 2451 Carolus

88 2485 141 2572 Μ.
168 2484 361 2564 Saxoniam
381 2508 496 2583 regno
518 2486 581 2573 suo
604 2485 776 2563 Francico
797 2482 1023 2572 subdidisset,
1055 2486 1122 2564 ob-

88 2599 203 2693 soleto
224 2597 332 2675 veluti
350 2621 433 2674 cum
453 2597 557 2695 stirpe
578 2594 603 2682 F
607 2602 747 2680 rancica
761 2603 934 2685 nomina,
954 2595 1000 2681 sic
1017 2598 1121 2677 iocu-

88 2704 150 2794 t'us
187 2711 299 2787 videri
337 2709 454 2809 potest
495 2704 753 2791 Witichindue
784 2710 828 2785 de
867 2710 1042 2788 Conrado
1071 2734 1120 2789 ex

88 2822 236 2901 Francia
253 2823 418 2900 oriundo.
439 2820 624 2907 orientali,
655 2825 768 2921 (quae
790 2824 989 2899 etiamnum
1014 2820 1122 2900 Fran.

88 2931 358 3022 coniadicitur)
373 2933 594 3024 Francorum
607 2930 700 3020 sede,
717 2932 773 3008 seu
791 2932 936 3010 Francia
952 2933 1122 3018 occiden·
1196 2948 1200 2955 “
1246 3031 1249 3035 ,

88 3047 149 3124 tali
172 3044 272 3149 fimui
302 3061 339 3127 et
360 3046 523 3128 orientali
550 3060 663 3121 totam
692 3044 768 3121 fere-
788 3043 1020 3133 Germaniam
1048 3069 1123 3122 ma·

88 3183 201 3257 gnam
220 3183 304 3245 cum
334 3156 502 3242 Austrafia
529 3154 826 3242 traria-Rhenum
852 3162 1012 3258 (prater
1038 3156 1125 3240 Gal·
1229 3158 1234 3179 ¹

88 3271 174 3347 liam
189 3286 224 3348 er
244 3267 469 3357 Neustriam)
489 3268 845 3368 comprehendente,
867 3285 980 3370 prout
998 3269 1120 3349 iam&

90 3381 341 3487 Hieronymus
371 3387 406 3463 in
434 3375 505 3458 vita
536 3376 809 3470 SssHiiarionie.
849 3439 873 3474 „
894 3387 986 3459 inter
1009 3382 1123 3461 Saxo.

89 3551 114 3589 „
145 3520 207 3580 nes
225 3498 376 3596 quippe,
395 3491 516 3598 (ait,)
535 3509 571 3578 et
592 3493 830 3582 alemannos,
847 3519 937 3592 gens
955 3517 1032 3570 non
1051 3510 1123 3580 tam

88 3663 112 3701 ,‚
142 3607 235 3693 lata„
265 3630 376 3711 quam
400 3605 539 3690 valida,
571 3606 666 3704 apud
694 3607 885 3683 historicos
907 3606 1122 3695 Germania,

90 3776 115 3817 ‚,
147 3743 245 3795 nunc
279 3742 366 3800 vero
401 3717 549 3799 Francia
567 3734 717 3798 vocatur
743 3775 776 3811 „.
836 3716 918 3805 Fuit
940 3734 1059 3800 autem
1078 3742 1125 3796 ex

91 3830 253 3941 Samma
273 3828 454 3919 Hernicus
487 3854 646 3929 auceps.
699 3829 744 3912 de
778 3854 856 3932 quo
882 3831 976 3913 idem
1008 3831 1127 3908 Witi·

572 3939 669 4033 X3.
969 3943 1073 4026 chin·

136 4111 388 4193 mustum
