2506 4958
239 229 392 308 reguum
416 201 549 298 cirisi
567 204 609 285 in
627 204 750 286 terrie
766 225 796 283 e.
818 196 936 287 XLV.
1034 154 1116 307 sep
1161 184 1167 197 ’

70 373 285 476 nentiquam
310 391 402 451 vero
424 368 470 449 ad
498 363 632 461 alium,
675 374 787 472 quam
811 386 833 449 t
854 366 1112 455 fundatoribus

69 489 254 567 intentum
292 481 478 571 desiinari,
509 476 675 560 autulio
706 499 933 584 quocunque
960 481 1113 565 demunt
1224 528 1227 533 ·

70 597 191 679 modo
209 598 255 676 de
273 617 402 675 eorum
426 593 911 695 sustentatione-providerit
956 596 1046 697 quin
1073 598 1113 674 in

71 709 257 796 solidum,
293 729 372 786 non
394 724 441 786 ex
463 717 565 807 parte
579 717 751 795 tantum,
795 706 832 785 iu
858 694 1114 806 poisellionenr

71 818 216 902 immissi
252 819 445 919 legitime,
488 818 590 895 insiti
624 813 675 892 iili
702 811 884 896 deturbati
912 832 1113 921 nequeunt

71 932 208 1015 Christi
235 933 373 1010 vicariis
402 932 439 1006 in
465 928 567 1007 tetris
593 923 682 1007 iliud
705 922 767 1007 hic
790 928 1022 1008 accomodari
1046 949 1118 1033 po·

71 1046 168 1133 teil,
199 1043 300 1146 quod
321 1038 483 1123 Christus
512 1034 553 1129 o)
578 1031 656 1128 iili.
687 1044 752 1143 qni
770 1036 815 1120 ab
832 1064 879 1118 eo
904 1043 1031 1141 petiit,
1061 1042 1117 1121 dt.

72 1181 157 1237 cete
171 1154 270 1234 fratri
289 1150 377 1244 suo,
407 1167 450 1232 ut
468 1151 604 1232 dividat
628 1150 749 1233 secum
774 1145 1041 1250 hereditatem
1076 1160 1117 1233 oi

72 1268 245 1349 illedixit
270 1264 350 1344 issi:
377 1257 519 1354 Hnmo.
548 1260 706 1363 write
732 1258 908 1357 comiscuit
936 1262 1115 1358 iudicem.

71 1391 139 1463 uui
158 1378 351 1478 divisorem
372 1378 470 1456 inter
494 1378 594 1457 uoti
622 1367 761 1457 Eorum
788 1370 840 1457 est
857 1374 1047 1479 invigilate
1078 1392 1118 1459 et
1243 1448 1246 1453 .

72 1516 229 1582 curate,
259 1515 306 1570 ne
331 1485 564 1580 alienentur,
609 1480 844 1593 dissipentur,
885 1504 950 1571 aut
968 1493 1006 1568 in
1034 1485 1120 1571 alie·

73 1629 165 1685 nutu
200 1595 302 1684 nsum
331 1615 592 1684 contestantur
614 1602 718 1709 ‚bona
744 1591 994 1691 ecclesiastica,
1035 1620 1120 1685 non

74 1729 119 1799 ur
148 1711 212 1820 ipii
240 1715 394 1802 faciam,
427 1709 530 1816 quod
559 1728 608 1789 ne
633 1711 680 1791 ab
706 1706 782 1791 aliis
801 1707 879 1802 liat,
910 1712 1118 1814 prospicere

74 1829 260 1909 deberent
289 1821 523 1906 Pandatotet
538 1817 688 1901 dentum
704 1815 1025 1926 inmanissime
1041 1845 1119 1903 ma·

74 1945 177 2020 xime
206 1939 445 2018 attentionem
475 1933 635 2014 excitate
653 1934 800 2038 potest,
829 1935 876 2014 ad
903 1932 1039 2015 enicem
1062 1955 1121 2014 te-

74 2052 298 2131 servarunt:
351 2045 642 2148 archiepiscopos
679 2062 815 2149 nempe
856 2050 894 2126 ei
926 2047 1120 2151 episcopua

78 2164 312 2264 posteaquam
351 2155 599 2262 potentilimo
619 2155 698 2238 Sac
728 2157 816 2242 Cati
836 2149 1033 2240 Maiestatis
1055 2154 1122 2239 ad·
1246 2174 1249 2180 ’

76 2277 217 2355 intorto
260 2274 298 2351 in
336 2261 586 2374 possesionem
623 2273 757 2352 iuriam
794 2271 943 2352 suornm
982 2268 1121 2353 fuerint

75 2385 242 2474 reduci.
290 2399 326 2462 et
353 2381 599 2486 acapitalibns
623 2384 789 2465 adversus
821 2374 1028 2464 Romanam
1056 2403 1122 2465 cn·
1166 2477 1173 2487 ,

76 2503 167 2577 riam
208 2496 476 2600 gravaminibus
512 2489 683 2584 liberati,
742 2507 834 2577 tunc
870 2495 1021 2576 demum
1053 2513 1120 2577 eor

73 2601 210 2714 polle,
266 2609 460 2708 secumque
497 2595 754 2696 eonstituiss‘e.
810 2622 920 2708 quam
957 2608 1122 2708 primum

73 2719 370 2802 emendationem
395 2707 591 2819 disciplina
615 2705 779 2798 Ecciefiae
801 2734 867 2818 per
889 2736 1020 2798 omnes
1040 2737 1124 2819 pur·

75 2851 133 2914 tes
158 2830 420 2912 communibus
436 2830 626 2908 axiomatis
651 2829 825 2933 suscipere
844 2824 890 2908 ad
915 2830 1120 2932 prosediunt

73 2966 175 3027 cura
204 2947 433 3029 animarum.
465 2935 668 3021 ordinanda
696 2962 767 3031 ea,
813 2958 895 3044 quae
920 2962 990 3044 pto
1008 2935 1125 3022 colle.-
1163 3019 1178 3043 x

75 3062 148 3160 giis
164 3072 202 3136 et
221 3053 444 3135 monasteriis
460 3043 648 3135 necessaria
662 3050 903 3146 ridebuntur,
926 3048 972 3135 ad
992 3055 1121 3138 abuius
1182 3102 1185 3106 ›

73 3170 253 3251 radicitus
280 3160 500 3247 evertendos.

162 3325 234 3410 Sed
256 3339 340 3409 ante
354 3320 432 3408 hee
454 3317 596 3433 adhuc,
612 3343 695 3433 que
714 3318 925 3434 pontificem
944 3323 1128 3425 attinenti

10 3521 17 3545 ,.
74 3456 138 3526 tot
164 3435 487 3531 actantahabent,
517 3459 597 3544 qua
630 3443 807 3535 statuant.
838 3458 875 3522 et
901 3444 1049 3546 quidem
1073 3460 1127 3524 ta·

10 3562 15 3645 ζ
76 3558 151 3643 lia.
181 3568 222 3630 ut
250 3554 425 3633 memoria
453 3570 584 3634 eorum
610 3550 778 3637 excidisse
808 3557 992 3644 uideatur,
1021 3552 1126 3658 quod

10 3650 21 3769 ζ
76 3667 264 3772 principio
293 3662 502 3756 edixerant.
547 3657 756 3749 Romanum
789 3664 1000 3772 pontificem
1028 3660 1136 3773 eise5

10 3776 19 3797 ⁵
70 3805 124 3864 ac
154 3795 301 3857 manere
325 3774 680 3882 superintendentem
712 3795 751 3864 et
792 3784 984 3887 primatem
1013 3778 1133 3865 totius.

550 3881 589 3972 K
614 3906 644 3974 a
879 3882 1069 3984 nnete.

121 4014 158 4095 a)
178 4005 251 4081 lue.
277 4004 349 4082 xii
374 4022 424 4095 rr·
