2506 4958
234 212 384 289 regnum
415 188 542 277 Cirriill
564 192 603 268 in
631 194 739 272 terris
767 213 795 272 c.
826 187 968 272 XXIV.
1061 215 1129 284 ¹9¹

107 374 190 433 rom
218 349 557 454 pseudosynodum,
587 370 623 431 et
650 354 902 434 conventicula
933 350 1024 431 male
1043 352 1136 430 iudi·

105 469 206 545 cium
233 466 504 543 ecclesiasticum
536 487 661 543 vorat:
692 485 727 543 et
758 466 931 544 licerium
955 466 988 543 S.
1021 466 1135 544 Anto·

105 581 174 655 nio
206 574 384 661 rescribit,
417 598 492 652 oon
530 578 636 654 licere
671 576 732 654 srbi
764 576 973 654 sententiam
1007 578 1135 678 synodi

107 687 300 787 despicere.
372 689 431 765 Sic
477 687 608 766 lillirur
650 693 838 789 princeps,
877 692 963 767 dum
1002 689 1133 777 iidem,

107 824 219 900 quam
248 798 406 877 Ecclesrae
432 802 561 885 debet,
592 796 699 887 saliit,
731 804 1017 904 obsequiumque
1046 802 1136 898 legi·

106 916 203 989 timo
239 917 314 989 eius
350 906 504 987 iudicio:
548 912 636 987 dum
671 911 777 988 iidem
811 937 888 989 non
917 931 1061 991 revocat
1096 916 1135 988 in

105 1024 298 1110 animum.
330 1046 437 1124 quam
478 1025 514 1097 in
558 1028 782 1101 oecumenica
812 1025 951 1123 synodo
987 1020 1135 1103 Nicaena

105 1132 266 1212 assertam
299 1134 332 1211 8.
374 1123 578 1210 Arhunafius
609 1137 888 1236 propugnabat,
919 1139 1027 1215 nimis
1057 1138 1133 1215 eius

105 1245 404 1325 uhtredotoribus
432 1247 598 1323 credulus
620 1244 889 1332 Constantinus.

195 1430 236 1516 ld
263 1431 524 1526 nihilominus,
554 1458 600 1517 ne
623 1443 659 1517 in
693 1434 817 1517 sesiam
842 1443 982 1521 coirent
1012 1437 1132 1521 llriuni

110 1548 256 1653 aliique,
272 1550 426 1628 baererici
442 1544 606 1629 cohibuit
624 1552 824 1641 interdisio,
847 1571 885 1632 ut
903 1557 1131 1633 sozomenus

107 1659 148 1750 u)
167 1678 309 1747 narrat,
341 1687 383 1737 ne
406 1673 511 1740 extro
535 1656 749 1755 ecclessorum
761 1664 887 1763 sepio,
918 1679 981 1743 uut
1005 1668 1134 1761 privu-

106 1778 176 1875 er‘m
199 1780 261 1848 uui
283 1768 402 1871 pulum
426 1772 674 1861 convenirent,
696 1775 761 1874 seri
777 1774 852 1874 sese
880 1772 1130 1855 catholicorum

106 1886 297 1983 iungerent
321 1886 470 1962 cutibus.
531 1884 683 1986 Templa
711 1891 816 1988 eriam
849 1889 969 1988 postea
998 1890 1047 1964 eis
1077 1886 1132 1960 s-

108 1996 228 2083 siulit,
273 2000 366 2074 uude
402 1994 558 2084 saelum,
601 2013 641 2074 ut
690 1998 852 2099 plerique
900 2000 932 2075 se
970 1992 1132 2076 Ecclesiae

108 2105 297 2187 catholicoe
336 2113 627 2209 coniungerent,
673 2107 728 2184 ulii
767 2107 840 2186 siue
875 2107 1132 2189 successoribus

106 2238 358 2306 morerentur,
389 2242 472 2298 cum
499 2236 600 2301 tanto
625 2216 688 2298 suo
716 2220 878 2321 periculo
905 2245 973 2300 nec
1000 2221 1133 2297 ducere

108 2354 178 2409 nec
219 2331 412 2429 discipulos
452 2350 649 2431 aggregare
694 2328 845 2432 pulsent.
922 2330 1007 2411 Haec
1041 2332 1061 2408 Ι.
1098 2354 1129 2408 c.

108 2444 253 2543 alioque
294 2446 338 2518 de
394 2441 634 2521 Constantino
686 2439 845 2522 laudatus
888 2445 1129 2523 Sozom'enus.

108 2548 218 2633 Unde
248 2560 374 2642 etiam,
405 2552 486 2630 licet
522 2580 540 2630 a
567 2546 736 2633 lucifero
767 2557 991 2641 Calaritano,
1024 2548 1150 2655 atque*

108 2666 146 2742 ln
193 2662 371 2743 chronico
423 2658 635 2766 Hieronym.
679 2669 722 2742 ab
767 2667 932 2744 haeretico
978 2664 1131 2745 Eusebio

108 2776 309 2876 baptizatos
328 2779 510 2855 baereticus
532 2770 653 2853 obiisse
675 2779 832 2864 dicutur,
852 2780 895 2854 ab
917 2777 995 2877 ipso
1010 2790 1133 2852 tamen

109 2888 145 2966 S.
171 2888 359 2965 Athanasio
383 2894 419 2965 in
447 2884 592 2988 epistola
618 2886 665 2963 od
681 2886 884 2987 filiturios,
915 2908 992 2965 era
1023 2882 1135 2966 Patri·

108 2997 176 3076 bus
198 3000 381 3077 catholicis
408 3001 551 3078 concilii
571 2998 821 3086 Ariminensrs,
853 3000 1133 3084 Constantinus,

110 3111 321 3188 cumidem
347 3110 527 3189 Nicaenam
556 3128 692 3189 teneret
716 3116 947 3213 baptizatus,
977 3113 1024 3188 ud
1039 3110 1135 3207 quie·

107 3230 178 3297 iem
211 3221 280 3299 Dei
305 3217 553 3322 commigrasse
580 3225 720 3305 dicitur.

192 3410 296 3494 llanc
318 3415 425 3494 fidem
447 3414 690 3496 orthodoxam
725 3417 834 3498 Patris
858 3413 931 3496 filio
957 3412 1135 3497 Conslan-

110 3530 164 3606 tio
191 3530 224 3606 S.
255 3528 409 3608 Hilarius
442 3534 666 3632 exprobrans
683 3528 873 3631 llinquit:
903 3530 1013 3630 „lpse
1042 3553 1136 3631 quo·

110 3696 133 3733 „
165 3664 235 3740 que
277 3643 412 3740 pridem
447 3644 515 3718 ianr
538 3660 703 3722 mortuus
730 3644 917 3720 anathema
946 3646 1009 3718 tibi
1036 3659 1135 3745 pater

106 3804 129 3845 „
161 3769 243 3829 tuus
265 3756 336 3842 est,
367 3758 424 3832 cui
448 3752 591 3832 Nicena
615 3756 771 3856 synodus
792 3755 861 3834 suit
877 3778 993 3844 curae,
1025 3775 1135 3857 quam

145 3972 182 4057 ta)
197 3962 258 4034 Lib.
283 3960 318 4034 ll.
344 3984 369 4034 c.
395 3989 443 4051 29.
501 3973 535 4051 b)
560 3964 610 4036 lib.
634 3984 736 4035 eontra
765 3964 984 4042 Constantinum
1007 3876 1079 4050 lulll
1101 3980 1130 4034 n

192 4071 241 4135 27·
264 4072 293 4133 n
320 4072 407 4134 1257·
