2506 4958
173 549 254 633 156
526 528 672 626 Ecclcfiu
693 531 854 613 volitant
957 602 960 607 .

168 701 288 779 dimus
326 699 364 775 in
403 702 527 775 totuin
576 696 765 776 aChristo
809 691 930 773 missos
974 695 1104 773 orbem
1158 691 1202 773 aa

133 848 139 859 ·
165 810 462 890 constituendum
491 833 645 909 regnum
676 807 779 886 suum
809 811 845 885 in
867 824 959 886 terra
985 809 1202 884 militantem
1247 877 1253 904 ,

165 921 380 1008 Ecclesiam,
411 924 529 998 datam
555 920 617 998 sibi
643 946 663 999 a
685 920 790 999 Patre
804 921 1015 1020 potestatem
1037 923 1074 996 in
1101 919 1204 1000 coelo

164 1056 204 1113 et
237 1039 272 1110 in
302 1056 393 1110 tetta
438 1038 736 1134 participantem:
799 1049 840 1110 ut
880 1032 974 1109 adeo
1000 1031 1205 1111 distinctum

166 1148 313 1248 protlits
339 1158 536 1247 utrumque
560 1147 751 1245 imperium
784 1145 921 1223 sactum
952 1165 989 1221 et
1008 1143 1205 1244 profanu·

167 1260 491 1358 independensque
527 1261 683 1334 omnino
712 1257 849 1358 (quod
879 1255 1047 1333 catholici
1073 1279 1204 1335 omnm

166 1368 404 1469 agnoscunt)
439 1371 687 1454 demonstret,
725 1367 995 1445 ecclesiasticum
1028 1367 1207 1447 sciliceta

168 1482 264 1560 cirili
287 1486 315 1556 is
340 1480 412 1581 ipse
441 1485 630 1581 primitivae
659 1478 818 1558 Ecclefiae
850 1483 956 1559 slatus
980 1505 1058 1558 non
1085 1481 1206 1558 solum

169 1592 376 1671 dissociatus
406 1597 573 1694 penitus,
618 1592 723 1694 quod
753 1594 917 1691 regimen
946 1592 1100 1693 spotia,
1150 1592 1210 1671 sed

170 1711 277 1784 etiam
308 1708 461 1783 invicem
496 1703 682 1782 adversus:
713 1703 801 1782 duln
826 1704 981 1802 potestas
1000 1704 1106 1782 seculi
1121 1727 1210 1783 cum

126 1860 129 1867 ·
171 1818 306 1896 inferni
332 1820 448 1916 portis
472 1817 663 1896 coniunsia
695 1814 885 1895 Ecclesiam
912 1815 957 1892 ad
991 1819 1210 1895 internecio·

171 1954 257 2006 nem
292 1928 404 2028 usque
436 1927 696 2030 persequitur3
756 1926 907 2006 Ecclefia
944 1945 1066 2006 autem
1104 1926 1208 2016 Dei.

171 2038 260 2123 Deo
296 2045 419 2140 potius
455 2063 562 2141 quam
582 2128 587 2141 „
607 2041 816 2119 hominibus
855 2039 1102 2118 obediendum
1141 2039 1211 2123 elle

172 2153 302 2231 edosia
335 2154 507 2253 exemplo
538 2151 827 2252 Apostolorum,
876 2168 913 2229 et
942 2153 1090 2238 verbis,
1126 2177 1211 2255 quaa

89 2329 94 2337 .
171 2266 436 2363 magistratibus
462 2264 669 2342 ludaeorum
698 2265 786 2342 ditia
814 2264 916 2360 supra
943 2265 1149 2341 audivimus
1166 2268 1212 2342 ab

171 2377 385 2476 Apolioiis,
439 2377 526 2454 dunr
557 2381 680 2474 primis
706 2378 815 2452 veluti
837 2381 881 2452 ab
908 2395 1057 2475 accepto
1077 2378 1212 2474 Spiritu

171 2490 292 2564 santio
329 2493 364 2562 in
407 2489 465 2563 die
500 2489 724 2564 Pentecosten
758 2493 984 2573 momentis,
1034 2489 1213 2586 evangelii

172 2601 468 2700 pradicationem
501 2601 783 2696 auspicarentur,
831 2599 956 2675 ludaeis
981 2604 1015 2673 in
1045 2600 1101 2676 sua
1132 2626 1212 2699 per-

172 2716 305 2785 vicacia
325 2735 366 2784 ac
382 2714 539 2785 cecitate
562 2714 875 2807 permanentibus3
904 2713 1100 2809 gentilibus
1125 2736 1214 2788 vero

174 2821 245 2898 suis
269 2823 576 2916 superstitionibus
604 2824 757 2907 deditis,
789 2844 870 2898 toto
892 2827 979 2897 orbe
1007 2823 1212 2900 densissimis

175 2933 370 3032 gentilismi
387 2936 540 3010 tenebris
559 2935 717 3033 sepulto,
742 2960 783 3012 ac
801 2934 1039 3011 ininricillinro
1055 2936 1153 3012 lucis.

261 3093 325 3170 His
351 3119 437 3171 vero
470 3098 641 3174 omnibus
683 3096 771 3174 nihii
808 3099 1063 3184 obstantibus,
1123 3098 1214 3175 dum

176 3206 303 3283 divino
330 3211 469 3284 numini
496 3212 649 3309 placuit,
699 3213 785 3286 oriri
814 3210 931 3286 lucem
968 3208 1151 3307 Evangelii
1178 3226 1214 3289 et

177 3319 486 3417 exsplendescere,
519 3326 597 3421 quis
627 3347 703 3396 non
731 3322 852 3409 videt,
885 3319 1030 3398 vol-uisse
1056 3323 1211 3397 divinam

175 3432 470 3531 providentiam,
504 3432 604 3508 suum
633 3432 748 3508 solum
770 3433 843 3511 hoc
869 3459 963 3533 opus
988 3430 1080 3519 elle,
1114 3433 1213 3510 suam

172 3543 289 3618 solani
321 3541 388 3617 esse
408 3542 570 3639 sponsam
594 3543 802 3629 Ecclesiam,
849 3572 888 3622 ac
918 3548 1037 3642 suapte
1061 3544 1216 3622 subfiste-

175 3677 244 3738 ae,
302 3656 476 3753 potestate
510 3661 656 3754 propria
699 3658 742 3732 ad
787 3657 854 3734 sese
892 3658 1214 3734 constabiliendum

175 3766 530 3867 conservandamque
558 3770 792 3856 inllrutlam,
832 3788 1021 3867 antequam
1044 3769 1098 3843 vel
1123 3769 1216 3846 ullus

174 3880 352 3976 potestate
391 3879 505 3977 aliqua
536 3881 677 3979 pollens
708 3881 752 3956 ad
785 3886 873 3956 sacra
911 3882 1092 3958 chrilliana
1125 3906 1216 3957 con·

176 4003 331 4062 verteret
352 3993 531 4077 animum,
564 3993 724 4094 plerique
745 4017 830 4068 vero
847 3992 1012 4068 hostilem
1035 4010 1214 4090 gererent.

175 4092 223 4175 Et
250 4099 331 4173 licet
351 4125 426 4196 eam
455 4104 563 4200 ipsam
592 4106 641 4179 ob
674 4106 837 4191 causam,
885 4108 989 4181 omni
1009 4103 1069 4180 sibi
1091 4105 1217 4180 advet-

177 4209 276 4289 sante
311 4212 441 4291 muudi
465 4216 679 4304 dominatu,
726 4216 814 4294 soris
849 4234 938 4299 tunc
968 4218 1139 4317 prodite,
1174 4241 1219 4293 ac

1052 4346 1160 4425 veluti
