2506 4958
274 229 427 308 regnum
449 201 579 329 Christi
596 205 765 285 interris
783 227 811 284 c.
834 202 951 283 XLV.
1070 231 1144 286 ιιι

104 365 1154 444 m

404 543 657 634 Caeam
714 535 853 631 xiv„

254 727 375 808 Status
407 719 598 808 hodiernus
623 717 770 822 Eccieiiae
795 721 1011 857 periclitans·
1123 806 1129 818 ,

106 839 340 1013 Veriamur
369 895 405 970 in
437 891 577 979 seculo.
622 895 659 968 in
688 912 766 993 quo
790 908 889 970 nunc
909 891 973 969 fibi
999 883 1150 974 demum

211 999 310 1082 velut
337 1026 421 1082 cum
447 995 652 1105 Phrygibus
683 1004 801 1104 sapere
832 999 1001 1084 videntur
1031 1004 1153 1083 homi*

111 1139 175 1195 nes
202 1115 328 1194 suffeni
349 1134 385 1193 et
411 1117 631 1206 iassabundi,
666 1114 943 1216 pleniseuccis.
973 1114 1155 1198 buccinis-

112 1254 184 1331 que
204 1229 420 1309 extollentes
440 1230 579 1331 lucem,
611 1245 690 1331 qaae
717 1227 954 1307 suo‘demum
977 1221 1050 1308 hoc
1072 1253 1152 1310 κιο

111 1341 254 1419 accensa
282 1341 346 1419 fitz
378 1340 474 1444 quasi
500 1358 599 1420 nunc
622 1343 772 1419 demum
800 1335 888 1419 iada
909 1339 950 1419 fit
973 1342 1057 1431 lux,
1102 1358 1156 1421 at·

111 1475 182 1556 que
194 1470 277 1530 ante
287 1454 320 1531 se
339 1456 464 1532 omnia
484 1453 703 1533 tenebricosa
721 1452 875 1542 fuerint,
890 1455 1012 1542 bruta,
1027 1455 1154 1534 stolida

113 1583 149 1643 et
181 1566 328 1664 stupida.
389 1567 449 1644 Ast
476 1565 629 1644 studiose
653 1566 862 1672 noalucem
885 1588 904 1642 a
927 1569 1082 1646 tenebrIs
1100 1569 1156 1649 dis

114 1678 276 1755 [cernere
314 1695 440 1755 monet
473 1673 657 1758 Christus:
705 1673 814 1765 Vide,
849 1668 1006 1778 inquit,
1034 1676 1158 1768 nevlua

111 1805 218 1875 men,
250 1791 342 1886 quad
356 1795 394 1864 in
419 1801 453 1864 te
472 1781 533 1875 eli,
564 1788 711 1866 tenebra
721 1786 803 1877 fine.
864 1787 1042 1867 Terribile
1064 1815 1155 1870 vero

113 1903 164 1980 est
194 1902 282 1979 illud
315 1902 449 1979 dicium
479 1892 611 1978 Christi
642 1897 681 1988 a)
711 1896 902 1999 postquam
929 1898 1045 1977 oculis
1073 1926 1156 1980 cors

81 2008 82 2011 ‘
117 2014 220 2115 poris
244 2037 285 2090 ac
310 2014 440 2088 mentis
467 2008 629 2090 donaiiet
656 2034 792 2089 caecum
823 2024 970 2098 natum,
1020 2013 1082 2112 qui
1105 2012 1156 2093 est

114 2116 323 2225 symbolum
357 2124 509 2211 miserae,
557 2147 626 2224 qua
657 2147 725 2200 nos
756 2117 931 2200 nascimur
956 2121 1020 2200 filii
1045 2122 1153 2217 Adae,

114 2238 355 2316 conditionis:
387 2235 430 2313 In
455 2234 627 2313 iudicium
648 2255 710 2332 ego
730 2236 769 2309 in
792 2233 886 2316 hunc
903 2234 1071 2311 mundum
1092 2256 1155 2314 ve.

114 2353 177 2436 ni,
208 2350 272 2437 ai,
304 2346 365 2446 qai
388 2366 458 2424 non
480 2346 624 2438 vident,
658 2344 827 2434 videant,
873 2351 907 2453 ei
925 2347 987 2444 qai
1005 2344 1153 2439 vident,

112 2463 191 2540 eaeci
208 2456 313 2558 fiant.
344 2454 387 2539 Et
409 2454 600 2538 audierunt
618 2460 762 2557 quidam
784 2475 830 2536 ex
853 2451 1064 2555 Phaniam,
1092 2458 1155 2558 qui

114 2596 193 2651 eum
220 2572 292 2671 ipso
319 2587 442 2660 erant,
488 2583 523 2650 et
550 2569 721 2649 dixerunt
742 2575 794 2650 eie
837 2568 1020 2669 numquid
1034 2583 1068 2650 et
1092 2594 1156 2654 nos

114 2684 352 2784 cecisumus?
382 2684 491 2760 Dixit
509 2688 558 2762 eis
580 2682 690 2780 Iesus:
713 2681 842 2776 ficaeci
862 2681 1073 2784 effetismm
1090 2685 1156 2761 ha-

115 2794 243 2877 heretis
262 2809 461 2895 peccatum:
492 2818 585 2873 nunc
603 2819 689 2874 vero
709 2789 850 2883 dicitis,
881 2799 965 2893 quia
981 2795 1153 2877 videmus.

116 2902 305 2991 Peccatum
335 2907 489 2998 veiirum
515 2920 643 2986 menet.
703 2907 822 3003 Quod
851 2906 1033 3008 apostolus
1064 2930 1157 2988 con·

115 3019 259 3102 stitutos
285 3044 304 3101 a
332 3023 366 3100 se
394 3023 583 3123 episcopos
613 3015 855 3100 Timotheum
886 3035 922 3099 et
951 3018 1080 3099 Titum
1111 3018 1158 3099 de

115 3136 284 3214 cavendis
321 3132 705 3236 pseudodoitoribus,
759 3129 935 3233 magistris
966 3133 1159 3233 pruriente

116 3251 182 3328 bus
203 3251 372 3334 autibus,
405 3262 558 3335 monet,
589 3251 625 3322 in
646 3261 743 3323 tanta
764 3237 906 3323 licentia
928 3259 965 3322 et
984 3244 1158 3335 libidine.

117 3364 260 3461 quidvis
279 3366 314 3437 in
332 3359 490 3436 medium
513 3356 744 3460 proferendi,
764 3354 1035 3458 afferendique,
1056 3371 1159 3436 nunc

118 3475 174 3548 vei
199 3476 355 3550 maxime
373 3472 498 3550 locum
520 3471 651 3550 habere
671 3469 800 3555 debet,
831 3471 1009 3570 nobisque
1024 3524 1035 3558 ,
1053 3468 1157 3570 qnod

120 3585 165 3660 de
195 3583 396 3662 Corinthiis
438 3587 490 3661 ob
527 3581 877 3686 pseudoapostolos,
927 3586 969 3660 et‘
991 3581 1159 3661 dodoree

119 3699 262 3780 timuit,
295 3701 451 3774 maxime
469 3699 692 3785 timendum,
723 3720 788 3785 ne,
809 3712 851 3774 ut
869 3698 917 3773 ait
933 3691 971 3785 b)
981 3691 1073 3788 ficut
1082 3695 1162 3788 ser·

114 3823 201 3907 pens
218 3805 361 3884 Hevam
380 3808 527 3907 seduxit
544 3808 772 3908 aliutiafua,
803 3810 858 3885 ita
884 3819 1161 3905 corrumpantur

987 3916 1105 4021 sensus

163 4030 200 4107 a)
221 4019 262 4090 10.
281 4025 336 4091 IX.
363 4043 410 4106 39.
468 4029 504 4105 b)
524 4022 561 4091 ΙΙ.
584 4025 653 4093 Cor.
669 4025 721 4093 xl.
739 4043 766 4111 3.
