2506 4958
210 238 362 320 rogerum
381 217 511 310 cursui
532 221 574 299 in
595 221 715 300 serris.
744 242 777 303 e.
812 216 957 303 XXIV.
1021 202 1104 318 Μ’,

57 398 83 484 ,3
110 382 283 465 hibemur
307 384 404 483 lege:
436 383 589 484 impellit
617 384 828 462 audioritate
855 383 960 466 latius
986 387 1102 488 regali

55 557 82 596 „
111 496 270 579 Domini
302 494 501 574 sacerdotes
530 498 575 575 ad
607 495 870 575 effundendum
906 521 1100 586 cruorem.

56 668 84 708 ,‚
111 613 287 710 ignorans
308 611 384 685 iura
406 609 544 686 iustitiae
568 609 694 687 tradita
710 612 819 686 nobis
841 608 1032 697 divinitus,
1064 624 1102 689 te

56 782 83 821 „
110 737 287 802 conatum
306 742 352 797 ex
375 721 504 797 nostris
525 723 664 800 auserte
681 723 861 799 mentibus
875 779 910 815 „.
968 718 1014 801 Et
1030 746 1102 824 pn.

56 838 156 922 ster,
176 831 277 936 quod
293 850 403 932 caput
422 834 554 919 estrei,
570 836 772 932 attingens,
803 832 922 911 David
949 858 1035 934 rege
1060 838 1100 914 in

58 947 274 1049 exemplum
294 944 470 1032 nddusio,
501 945 653 1027 faciente
675 946 847 1024 iudicium
872 962 909 1023 et
930 948 1100 1025 iustitiam

56 1062 99 1139 in
124 1072 210 1139 toto
236 1055 381 1157 populo
407 1056 472 1134 suo
494 1065 633 1158 pergit3
661 1113 684 1149 „
702 1056 757 1135 Te
780 1080 868 1135 sero
892 1055 961 1137 esse
981 1061 1101 1136 cerni·
1221 1040 1227 1061 ’

57 1228 86 1268 „
114 1190 200 1249 mus
223 1168 393 1250 iniustum
424 1170 601 1256 iudicem,
641 1169 824 1247 cultorum
853 1168 927 1252 Dei
953 1171 1100 1249 interse-

60 1340 86 1379 „
115 1285 264 1365 dotem.
324 1279 403 1359 Cot
439 1305 506 1358 nos
546 1280 790 1382 persequeris?
848 1281 993 1387 Nempe
1014 1285 1102 1383 quia

59 1450 84 1492 ,‚
114 1395 366 1478 noluerimus,
398 1408 438 1473 ut
460 1408 501 1473 tu
524 1416 581 1481 es,
613 1391 687 1470 fieri
711 1393 896 1493 spoliate:
927 1399 1010 1499 quia
1031 1418 1101 1472 no·

61 1562 87 1603 ,,
118 1508 291 1585 luerimus
314 1508 460 1583 unicum
485 1503 558 1582 Dei
576 1529 707 1604 negare
730 1503 844 1585 filium
862 1507 932 1584 &o
990 1505 1099 1594 Noti,

57 1676 83 1715 „
112 1619 324 1703 Constanti,
367 1638 451 1694 cum
491 1620 626 1694 Arianis
661 1640 826 1717 pugnare
860 1636 987 1698 contra
1022 1617 1098 1697 Dei

59 1787 85 1831 ,‚
116 1730 291 1809 domum:
323 1726 400 1805 noli
428 1729 672 1807 idololatriam
702 1729 774 1807 Arii
803 1731 1036 1811 introducere
1058 1734 1099 1809 iu

59 1898 85 1938 ‚,
116 1838 326 1927 fiscellam,
351 1839 429 1916 noli
454 1864 586 1939 negare
611 1842 760 1923 unicum
784 1839 896 1920 filium
919 1841 1011 1926 Dei,
1036 1841 1100 1918 de·

58 2010 84 2052 „
114 1951 186 2033 srne
211 1950 374 2056 persequi
399 1952 633 2054 apostolicam
653 1967 761 2054 atque
788 1953 1034 2050 evangelicam
1057 1952 1100 2029 ii.

59 2068 208 2163 „dem
267 2060 354 2145 Haec
389 2068 473 2163 quia
506 2063 680 2150 dicimus,
725 2061 893 2141 ridemur
929 2060 997 2143 else
1033 2066 1101 2142 tibi

59 2234 85 2275 „
115 2179 272 2257 inimici:
303 2173 392 2252 sscut
410 2175 558 2256 fuerunt
575 2179 651 2275 regi
673 2197 753 2254 vera
774 2172 836 2252 fibi
857 2176 1017 2253 dicentes
1033 2179 1101 2252 ini-

62 2346 86 2388 „
116 2291 201 2366 mici
220 2344 253 2380 ,‚.
312 2286 395 2365 Post
424 2289 516 2366 duos
543 2288 654 2364 libros
680 2310 748 2387 pro
774 2286 807 2365 S.
834 2285 1026 2366 Athanasio
1050 2288 1104 2365 se·

62 2406 189 2505 quitur
216 2399 257 2477 de
287 2398 430 2496 regibus
458 2396 652 2497 apostaticis
681 2401 772 2476 liber
796 2425 909 2476 unus:
954 2400 996 2476 de
1032 2421 1103 2476 uon

62 2510 299 2593 conveniendo
331 2534 408 2592 tum
432 2512 602 2590 hereticis
627 2510 716 2588 liber
741 2512 786 2591 ad
814 2513 969 2591 eundem
998 2510 1102 2591 Con-

64 2627 235 2707 stantium
265 2627 352 2723 imp.
383 2626 587 2725 iterumque
616 2622 655 2697 de
674 2645 744 2696 nun
761 2624 936 2720 parcendo
963 2627 1002 2698 in
1030 2622 1103 2700 De-

62 2762 126 2818 um
148 2733 443 2831 delinquentibus,
489 2739 549 2813 ubi
567 2756 651 2811 eum
678 2731 716 2822 a)
737 2734 849 2832 palam
891 2735 1100 2812 haereticum

62 2864 195 2934 vocat.
217 2871 325 2948 quern
345 2849 518 2950 repererit
536 2846 707 2946 operibus
736 2845 805 2922 suis
837 2844 904 2922 else
922 2871 1034 2923 unum
1054 2867 1102 2924 ex

63 2956 155 3048 illis,
200 2958 245 3035 de
283 2962 413 3061 quibus
454 2964 576 3035 beatus
606 2957 778 3036 loannes:
809 2954 972 3047 euclidis,
1017 2960 1104 3052 quin

63 3068 288 3155 antichristus
323 3075 440 3148 verrit:
482 3094 574 3147 nunc
608 3081 726 3147 nutem
764 3065 962 3153 nsssichrilli
996 3067 1103 3144 multi

54 3184 155 3283 sunt.
175 3178 213 3271 d)
242 3180 285 3263 Et
313 3184 433 3285 postea
457 3185 501 3260 de
524 3199 680 3284 quatuor
707 3182 825 3259 bestiis
850 3179 992 3260 Daniel.
1019 3179 1102 3258 Vll.

63 3313 227 3401 quatuor
255 3319 365 3394 regna
396 3295 660 3393 designantibus
696 3350 718 3387 ‚,
736 3312 906 3373 caeterum
931 3287 1105 3394 (inquit)

63 3466 88 3504 ,‚
118 3423 251 3508 quartae
273 3406 366 3486 illius
393 3410 508 3486 bestiae
532 3425 568 3485 te
595 3430 721 3505 gerere
745 3404 1035 3490 similitudinem,
1067 3417 1104 3481 te

64 3575 89 3615 ,‚
120 3519 196 3601 hec
222 3518 371 3620 implere
393 3518 460 3598 esse
486 3523 716 3619 cupientem,
758 3542 838 3619 quae
861 3518 906 3593 de
932 3515 988 3593 illa
1017 3538 1108 3615 prae·

65 3689 90 3727 „
122 3632 212 3714 ditia
244 3629 345 3720 sunt,
376 3632 479 3734 quod
516 3628 601 3709 esset
632 3630 847 3731 impletura,
878 3626 1105 3715 manifestum

68 3796 94 3838 ,,
124 3745 185 3821 est.
244 3743 426 3845 Scriptum
452 3746 502 3822 est
527 3748 623 3820 eninr
648 3743 693 3818 de
714 3742 941 3827 antichristo,
983 3742 1106 3819 cuitu
1228 3774 1231 3781 ·

66 3912 91 3948 „
122 3853 338 3945 assimilaris.
368 3873 430 3935 aut
457 3856 528 3959 ipse
547 3854 616 3933 else
638 3853 820 3932 iudicaris:
851 3855 956 3931 verba
982 3852 1108 3928 adver-

542 3967 579 4047 N
610 3986 638 4060 4
973 3965 1056 4051 sus.

116 4079 151 4154 a)
170 4100 202 4144 n.
230 4091 279 4155 17.
301 4091 330 4154 p.
355 4089 426 4154 230.
490 4075 524 4149 b)
544 4092 575 4136 n.
601 4082 648 4142 rs.
672 4090 702 4149 p.
724 4087 798 4149 2310
