2506 4958
271 245 422 327 regnum
453 221 585 323 carun
612 229 654 311 in
679 229 801 312 terris.
830 252 860 313 t.
890 227 960 314 IX.
1053 203 1056 209 ¹
1105 253 1156 333 4¹

69 446 71 451 .
111 415 187 479 tro
224 393 415 494 praecipua
443 389 526 472 sunt
570 407 770 475 numeratae
805 406 935 492 prator
976 391 1162 478 Franciam

112 504 338 591 Orientasem
360 502 562 589 saxonica,
591 501 777 590 Bavarica,
810 505 1068 594 Alamannia,
1102 531 1166 606 pe..

110 644 170 701 nes
183 641 295 724 qnam
309 614 782 702 Alemannrcouustrncam
794 617 936 719 aliquot
953 622 1022 697 iam
1040 620 1163 701 seculis

115 734 207 813 iietit
241 730 386 831 imperii
422 723 593 810 Romanu
638 727 846 812 Germanici
899 737 1161 830 prerogativa,

113 857 186 928 tum
203 839 365 928 Ecclesia
392 844 500 922 etiam
527 838 714 923 catholica
736 843 785 918 est
804 842 1011 923 conservata
1041 843 1162 946 digni.

113 971 192 1041 tas,
242 953 454 1056 sacrumque
495 957 659 1051 regimen
693 973 729 1033 et
767 978 924 1051 regnum
958 954 1162 1036 sannorum

111 1092 195 1148 cum
210 1065 358 1152 Christo
382 1068 418 1142 in
440 1070 565 1144 tertis:
596 1064 697 1167 quod
726 1062 890 1146 Orientis
926 1069 1164 1167 imperatores

113 1177 342 1261 iconomachi
371 1200 417 1257 eo
455 1179 532 1282 ipso
575 1189 746 1279 tempore
781 1177 961 1256 destruere
994 1183 1081 1259 totis
1112 1183 1166 1256 ui·
1236 1190 1246 1203 “

110 1296 207 1376 ribus
232 1290 312 1370 suot
341 1285 481 1376 annisi,
523 1291 671 1389 quando
696 1293 732 1368 iu
758 1287 992 1376 Occidente,
1024 1293 1167 1391 praeser.

109 1407 174 1483 tim
205 1404 243 1479 in
274 1400 467 1513 Germania
496 1402 617 1480 nuiira
651 1400 878 1485 S.Bonisacii
903 1419 939 1479 et
970 1402 1166 1483 Sociorum

108 1514 374 1614 Apostolorum
393 1511 598 1596 Germania
628 1536 737 1609 opera
758 1515 809 1593 est
836 1514 1082 1595 instauratum.
1123 1514 1167 1595 lu

111 1628 206 1705 orba
231 1643 318 1706 uero
344 1624 529 1709 catholico
546 1625 612 1708 stat
633 1625 834 1727 stabitque,
865 1627 1042 1731 quidquid
1075 1650 1168 1709 con.

107 1754 160 1819 tra
188 1751 304 1839 porta
335 1737 804 1824 inferorummotiantnr,
846 1728 1003 1837 regnum
1031 1737 1165 1821 Christi
1208 1772 1211 1777 ’

107 1853 295 1937 interris,
325 1853 489 1954 urbeque
515 1864 694 1928 terrarum
719 1851 946 1937 senescente,
976 1851 1036 1928 seu
1058 1856 1165 1931 etiarn

107 1985 173 2064 per
200 1977 411 2060 temporum
441 1959 694 2043 vicissitudines
717 1986 758 2044 ac
786 1962 977 2060 periodico
1006 1964 1167 2060 quodam

108 2074 311 2153 Chiiiasmu
341 2077 637 2171 commigrante,
668 2097 752 2155 veta
783 2073 916 2178 religio
937 2096 1169 2184 regnumque

103 2186 316 2272 nouorum
347 2200 529 2291 perennat.

167 2347 209 2425 Id
249 2344 460 2426 duraturum
492 2344 603 2448 usque
639 2345 685 2424 ad
719 2343 1072 2431 consummationem
1114 2349 1166 2429 se.

105 2461 179 2544 cusi
205 2455 383 2544 affirmant
398 2462 537 2560 antiqui
557 2474 593 2540 et
613 2463 831 2540 recentiores
858 2460 1078 2561 scriptores,
1097 2462 1161 2567 qui

108 2597 156 2653 cx
204 2569 361 2672 professo
402 2574 439 2654 in
485 2568 723 2672 Apocalypsin
768 2572 849 2650 sunt
898 2580 1165 2664 commentati,

109 2682 381 2784 antesignano(
395 2697 436 2769 ut
463 2680 648 2772 vidimus)
671 2683 705 2759 S.
725 2681 918 2766 Visiorinu
948 2685 1001 2765 M.
1040 2705 1076 2766 et
1094 2685 1169 2769 Pri.

109 2794 225 2876 masto
253 2797 332 2898 post
369 2795 686 2894 surgentium.
748 2794 789 2874 ln
830 2796 1043 2896 Appendice
1079 2823 1168 2897 ope-

109 2933 194 2991 rum
223 2908 258 2986 S.
287 2908 478 3009 Augustini
507 2908 640 3007 legitur
672 2903 713 2994 a)
735 2905 885 3005 infignis
909 2911 945 2989 in
964 2911 1170 3011 Apocalyp-

110 3020 164 3102 sin
200 3020 414 3121 expofitio,
471 3019 600 3122 quam
621 3019 703 3098 c'um
746 3017 1031 3104 Louaniensrbus
1065 3020 1172 3099 theo.

110 3134 212 3232 logis
258 3134 415 3216 editores
457 3131 565 3213 San·
587 3129 795 3214 Maurensea
835 3135 873 3214 in
914 3132 1173 3225 admonitione

112 3247 244 3352 previa
262 3244 396 3325 hahent
413 3269 483 3347 pro
501 3247 800 3325 annotationibus
815 3269 859 3326 ex
881 3263 1045 3328 veterum
1063 3269 1170 3327 com·

111 3358 423 3442 mediationibus,
454 3353 633 3438 Viitorioi
663 3355 883 3456 praesertim,
916 3357 1072 3437 studiose
1091 3355 1170 3439 col·

112 3469 239 3558 settis,
284 3484 321 3552 et
339 3556 342 3560 Α
363 3472 401 3546 in
433 3468 666 3550 humiiiarum
700 3468 858 3550 sormam
882 3470 1070 3557 rodanis,
1105 3474 1169 3553 ubi

112 3579 216 3664 hom,
239 3577 453 3669 18,inXX
469 3582 580 3681 Apus.
596 3577 636 3672 b)
651 3581 812 3665 dosirina
827 3607 845 3661 a
860 3583 965 3659 nohis
982 3581 1096 3661 modo
1107 3606 1173 3663 ex-

116 3696 249 3794 plicata
279 3693 325 3775 de
349 3717 465 3791 regno
494 3693 627 3773 Christi
670 3695 707 3770 in
740 3698 843 3771 terris
871 3717 1097 3801 nequaquam
1124 3715 1170 3776 etc

109 3806 290 3890 sententia
323 3804 579 3894 chiliastarum
617 3805 664 3889 ad
699 3804 799 3890 misle
836 3829 952 3892 annor
985 3806 1169 4001 τείὶὶῑῗα,

1070 3941 1089 4001 e

147 4073 189 4156 a)
206 4070 246 4150 T·
271 4069 327 4143 111.
350 4070 385 4139 P.
403 4068 450 4160 ‚si
472 4091 503 4161 p.
528 4092 601 4155 ren
669 4075 705 4155 d)
724 4091 757 4159 n.
780 4090 854 4161 reor
937 4122 942 4127 .
