2506 4958
326 178 479 348 regnurn
501 243 821 341 contristarer.
843 268 871 325 e.
890 242 990 364 XLI.
1127 267 1198 326 ar·

135 455 162 510 „
185 405 293 514 'poiie
325 411 527 499 instituere,
571 428 607 489 et
637 411 855 490 destituere:
900 409 959 488 stu
985 409 1177 509 deponere.

135 581 161 621 „
189 524 323 625 Papam
342 539 379 602 et
402 522 591 624 episcopos
617 523 893 623 amplitudinem
925 522 1179 602 iurisdidionia

136 694 161 731 ‚,
192 658 270 713 non
297 636 493 724 aChrisio.
524 635 585 731 sed
607 637 650 712 ab
679 638 896 736 imperatore
921 638 1112 728 obtinere;
1143 638 1181 712 in

137 751 451 850 „imperatorem
482 747 615 825 nullam
640 749 853 848 potestatem
881 747 1023 825 habere.
1090 745 1183 824 Uni·

136 916 163 956 „
192 859 330 938 versam
360 857 466 939 fimo}
497 860 683 936 eoiletiam
718 856 904 937 Eccieiiam
929 858 1179 937 orthodoxam

135 1028 161 1068 „
192 972 333 1050 nullam
347 975 546 1071 potentiam
575 971 768 1048 coatiivam
796 970 840 1047 ad
863 971 1090 1071 castigandos
1111 995 1182 1072 pu·

139 1140 165 1182 „
195 1083 425 1183 niendosqoe
459 1098 647 1183 peccantes
670 1081 769 1184 poiie
793 1103 971 1161 exercere.
1030 1081 1181 1162 Beatum

137 1195 342 1293 „Petrum
362 1220 444 1273 non
459 1195 558 1296 plus.
591 1220 700 1297 quam
724 1196 815 1272 alios
831 1195 1029 1296 apostolos
1038 1195 1182 1275 aChri-

137 1252 248 1406 :sto
270 1305 451 1409 accepisse
511 1307 656 1387 Omnes
689 1307 913 1398 sacerdotes,
958 1309 1182 1411 quicumque

137 1420 247 1516 „illi
286 1420 455 1508 fuerint,
496 1444 657 1521 papam,
706 1419 951 1520 patriarchas,
1007 1421 1181 1523 archiepi-

122 1593 125 1598 ,
137 1476 348 1632 :scopom
389 1531 602 1632 episcopos,
642 1547 679 1610 et
710 1531 886 1633 fimpiices
918 1534 1180 1634 presbyteros,

137 1643 340 1744 „aequalis
374 1644 628 1722 iurisdietionis
659 1662 696 1722 et
728 1644 948 1723 audoritatis
979 1643 1076 1734 eise,
1120 1670 1184 1748 pa·

138 1779 280 1857 „pam
313 1756 454 1833 nulium
487 1756 734 1832 dominium
724 1781 761 1831 m
792 1758 948 1855 imperio
971 1757 1008 1832 in
1039 1774 1184 1857 tempo.

137 1923 165 1964 „
193 1870 329 1946 talibus
350 1865 549 1966 poffidere:
579 1867 799 1965 imperialem
816 1867 1066 1964 dignitatem
1055 1891 1184 1947 imme·

140 1980 290 2077 „diate
316 1981 360 2054 ab
388 1978 465 2076 ipio
497 1978 574 2056 solo
604 1976 689 2055 Deo
715 1974 783 2054 esse
807 1979 921 2070 &c„.
981 1977 1099 2074 Quod
1132 1995 1184 2058 ta·

142 2117 230 2171 men
253 2088 316 2189 ipsi
343 2092 528 2188 praecipuo
565 2089 630 2168 suo
660 2089 906 2192 hyperaspistae
939 2093 1183 2174 contrariatur

143 2200 310 2284 Marsrlio
342 2199 534 2290 Paduano,
565 2204 628 2304 qui
658 2218 758 2280 totus
779 2203 1044 2290 aristotelicus,
1075 2228 1183 2304 repu-

142 2318 309 2395 blicanus
334 2317 530 2404 nimirum,
563 2319 599 2392 in
621 2314 733 2400 libro.
753 2339 862 2416 quem
884 2314 1080 2417 inscripsit:
1112 2314 1185 2394 De-

134 2425 263 2531 fensor
279 2431 398 2524 pacis,
429 2431 463 2504 in
493 2451 537 2505 eo
556 2427 625 2515 est.
658 2441 720 2514 ut,
743 2428 921 2527 apopulo
942 2426 1011 2506 eise
1028 2432 1184 2530 potesta-

144 2555 222 2618 tem
251 2564 430 2626 omnem,
460 2540 634 2619 ostendat.
692 2594 715 2631 ‚,
742 2539 948 2627 Dicamus,
986 2539 1183 2642 (inquit.)

142 2710 167 2747 ‚,
198 2652 395 2730 secundum
425 2654 610 2729 veritatem
641 2666 748 2747 atque
774 2650 961 2728 confilium
986 2652 1182 2730 Aristotelis

143 2823 179 2861 „a
202 2764 263 2844 ΙΙΙ.
295 2762 402 2846 Polit.
421 2788 451 2840 c.
470 2775 503 2838 6.
538 2764 627 2860 legis
649 2760 845 2838 effeiiivam
870 2766 1022 2863 primam
1048 2781 1083 2841 et
1097 2788 1184 2864 pto·

143 2934 169 2973 ‚‚
201 2880 313 2978 priam
336 2874 404 2953 effe
423 2876 625 2975 populum,
658 2873 714 2950 seu
733 2877 864 2950 civium
891 2875 1181 2964 univerfitatem,

142 3046 169 3085 ‚,
197 3005 259 3068 aut
277 2992 351 3067 eius
377 2989 613 3065 valentiorem
634 2980 691 3064 feu
722 2987 977 3072 voluntatem.
1008 2989 1046 3064 in
1070 3011 1183 3087 gene·
1236 3036 1238 3047 ·

144 3159 169 3196 ,‚
199 3102 262 3179 rali
288 3103 423 3180 civium
464 3102 755 3199 congregatione
785 3122 848 3198 per
883 3097 1086 3177 sermonem
1120 3122 1184 3184 ex-

144 3270 168 3307 „
197 3211 372 3316 preffam‚
415 3215 682 3315 praecipientem
712 3211 769 3290 seo
797 3209 1099 3290 determinantem
1120 3211 1185 3288 aii-

145 3381 171 3421 „
200 3322 289 3426 quid
310 3325 409 3413 fieri,
441 3323 497 3400 vel
518 3326 639 3400 omitti
665 3325 758 3400 circa
784 3321 906 3401 civiles
937 3324 1033 3403 aiios
1056 3324 1185 3402 huma-

145 3493 170 3531 „
201 3461 269 3514 nos
291 3437 352 3515 sub
379 3461 491 3538 poena
519 3436 574 3513 vel
602 3436 777 3535 supplicio
796 3435 1044 3537 temporali.
1066 3432 1188 3515 .Am·

146 3606 170 3644 ‚,
201 3549 320 3650 plius,
361 3575 436 3650 quo
468 3550 513 3625 ab
543 3548 665 3624 eadem
691 3547 901 3624 auctoritate
926 3547 1060 3625 debent
1084 3546 1183 3645 leges

148 3717 172 3755 „
202 3675 239 3737 et
267 3662 354 3747 alia,
387 3685 467 3761 quae
496 3684 560 3761 per
580 3660 790 3734 eiedionem
820 3650 1039 3747 statuuntur.
1080 3657 1184 3736 susci·

97 3833 106 3855 ,κ
147 3829 170 3867 „
200 3797 286 3874 pete
301 3772 523 3849 additionem
542 3773 597 3848 vei
621 3773 901 3850 diminutionem
921 3773 989 3848 dcc.
1048 3768 1182 3849 Eadem

149 3943 173 3980 ‚,
202 3884 411 3964 audoritate
443 3883 699 3985 promulgari,
743 3884 802 3962 seu
835 3883 1049 3986 proclamari
1086 3886 1184 3984 leges

622 4023 732 4154 Ba*
788 4091 791 4098 .
1016 4024 1118 4116 „de-
