2506 4958
313 255 464 331 regnum
485 227 613 320 curtat
628 233 669 312 in
682 232 801 310 terris.
819 253 848 312 c.
864 230 928 313 uir.
1056 244 1132 328 363

80 395 151 477 rin
178 398 439 475 communione
462 396 644 495 potestatis
664 395 748 475 eccl.
778 397 872 474 inter
894 394 1054 473 summor
1071 391 1138 476 Ec-

80 508 225 591 r¹cleiiae
241 508 414 609 pastores,
444 506 653 607 pontificem
670 521 707 584 et
728 507 926 608 episcopos.

85 650 106 698 ³'
199 671 311 748 Ausus
330 668 378 745 est
400 669 471 745 hoc
493 667 614 767 Scipio
641 664 784 745 Riccius
804 659 867 797 epi
871 667 995 769 scopus
1024 665 1138 747 Pisto·

80 764 236 927 :rimus
264 779 332 876 (di
368 776 495 859 Pistoia
524 796 559 855 et
587 774 723 866 Praro)
763 783 888 857 iniuria
923 780 1059 857 ordinis
1086 780 1137 858 sui

80 876 169 1021 Ξερι
161 892 356 993 scopulis
346 916 382 967 tn
411 904 637 968 contemtum
666 891 812 969 suorum
836 891 1135 991 coepiscoporum

80 990 292 1121 {ipsiusque
316 1000 460 1080 summu
486 1002 573 1079 sedis
601 1000 792 1088 Romanae,
822 1004 859 1079 in
885 1002 1022 1103 synodo
1043 1000 1136 1081 dide·

80 1104 250 1201 ''cesana,
282 1131 408 1193 contra
427 1138 569 1191 morem
587 1138 705 1190 onmis
729 1116 817 1200 arvi,
847 1137 932 1195 curn
957 1117 1062 1192 meris
1087 1114 1137 1191 sa·

80 1218 318 1381 Ξοετιῖοῑίὒυε
343 1225 485 1331 secundi
511 1225 649 1321 ordinis
671 1247 711 1301 ea
739 1224 915 1301 tracianda
944 1225 1134 1328 suscipere,

80 1328 193 1471 fquae
216 1338 333 1419 sulum
356 1338 400 1414 ad
418 1318 617 1414 conventus
640 1353 675 1413 et
693 1336 865 1413 iudicium
884 1337 1137 1438 episcoporum

80 1444 146 1531 ⁵iu
170 1450 431 1528 communione
452 1449 634 1555 potestatis
659 1446 868 1529 aChriiio
858 1472 895 1524 m
910 1448 975 1525 suis
996 1450 1139 1550 aposto-

80 1556 149 1649 iis
176 1584 304 1639 eorum
334 1557 587 1640 successoribus
618 1561 737 1647 durae,
776 1562 976 1657 pertinent,
1027 1585 1138 1662 eaque

80 1670 299 1811 Ξριπῖιιιιιῖιε
322 1670 565 1756 decidenda,
577 1693 656 1772 quae
677 1674 754 1744 iam
782 1668 951 1769 suffragio
979 1671 1138 1749 summo-

80 1782 259 1861 ⁴²'unorum
283 1780 442 1862 Ecclestae
467 1780 645 1879 pastorum
682 1778 862 1895 pontificis
893 1804 929 1856 er
952 1783 1140 1882 episcopo·

80 1896 191 1972 irum
216 1893 297 1969 sunt
324 1893 532 1993 repudiata3
559 1896 671 1967 auitos
700 1911 812 1987 porro
839 1913 907 1991 pru
935 1891 999 1967 suo
1023 1893 1138 1971 lubitu

80 2001 358 2087 aecclesiasticos
393 2006 482 2087 ritus
508 2026 549 2079 ac
580 2002 797 2101 disciplinam
830 2002 1068 2088 immutandi
1097 2004 1139 2079 ii·

80 2117 263 2217 scentiam
289 2113 349 2190 sibi
380 2112 522 2200 sumsit.
574 2138 790 2212 morumque
826 2111 1010 2191 censuram
1044 2113 1138 2193 illaria

80 2226 337 2398 {adoptandh
382 2249 462 2327 quae
488 2225 531 2302 ad
556 2224 620 2305 des
615 2229 836 2324 perationem
861 2239 896 2301 et
921 2223 1139 2304 aversionem

80 2342 170 2531 stus
195 2451 393 2526 dodrinam
415 2451 581 2554 ‚eiusdem
613 2446 707 2525 i'esiae
734 2449 849 2533 iliius,
891 2473 971 2551 quae
991 2450 1139 2549 perinde

105 2562 258 2641 aiterum
282 2576 500 2660 preceptum
521 2560 739 2644 disesiionis,
769 2563 803 2633 in
829 2562 958 2659 quibus
975 2561 1033 2638 lex
1051 2585 1139 2661 pen-

83 2668 171 2752 {det
192 2688 226 2749 et
247 2671 451 2772 prophete,
481 2672 568 2747 dum
587 2669 690 2769 spirat
709 2693 791 2755 ore,
819 2676 992 2769 pervertit
1017 2695 1140 2748 ammo

80 2776 236 2875 [corde⁹
265 2781 472 2866 etcaiamo
507 2780 739 2869 ferletinuo,
760 2781 902 2859 dicente
928 2780 963 2860 S.
981 2781 1137 2871 ioanne,

80 2878 229 2995 fiqur‘s
240 2892 392 2979 dixerit,
413 2896 604 2988 paconium,
633 2890 741 2991 diligo
760 2891 901 2978 Deum
932 2905 966 2969 et
977 2888 1137 2991 fratrent

91 3006 209 3107 srunn
232 3004 369 3090 oderit,
405 3005 557 3081 mendax
581 3000 635 3093 tii.
659 3000 696 3093 o)
719 3002 858 3082 Iamdiu
881 3004 1069 3083 reindutus
1089 3008 1140 3083 est

80 3108 254 3199 'Riccius
274 3116 317 3192 ad
338 3130 408 3191 tant
434 3115 559 3202 serias,
602 3132 835 3216 paternasque
857 3114 909 3195 Pii
930 3115 1005 3194 VL-
1023 3114 1061 3195 P.
1082 3116 1138 3196 M.

80 3225 424 3331 treprehensrones.
469 3227 853 3326 archiepiscoporum,
897 3227 1140 3329 erepiscopo-

106 3365 191 3421 tum
215 3340 463 3438 collegarum,
494 3355 529 3415 et
553 3339 848 3439 presbyterorum
868 3341 1137 3440 parochorum.

80 3468 83 3533 ζ
108 3454 337 3553 aliorumque
359 3453 586 3534 amicorum,
619 3472 660 3526 ac
686 3449 836 3579 ipsarum
853 3454 979 3529 ovium
999 3451 1139 3529 suarum

80 3562 277 3643 censuras
298 3583 331 3638 et
355 3565 513 3648 monita,
533 3560 675 3661 prolixe
689 3563 795 3638 etiam
813 3563 850 3637 in
869 3564 1004 3661 scriptis
1023 3565 1140 3662 pubii-

80 3678 163 3753 cis
187 3675 280 3773 typis
295 3673 478 3772 evulgata,
499 3674 670 3772 brevique
689 3676 861 3773 temporis
879 3674 1066 3753 intervallo
1082 3675 1140 3753 sae·

115 3788 198 3891 pius
224 3781 404 3888 impressa,
432 3786 696 3888 communique
719 3802 807 3864 voto
829 3800 865 3864 et
883 3783 1021 3864 calculo
1039 3811 1144 3865 com·

154 4020 190 4097 a)
211 4014 235 4083 Ξ
258 4016 300 4081 lo.
813 3996 816 4003 ,
923 3917 1086 4018 probata.
