2506 4958
188 233 199 243 “
250 251 398 326 reguum
420 223 548 315 cariat
569 232 608 303 in
633 230 755 337 terris.
771 252 800 307 e.
826 227 914 310 XX.
1035 249 1112 319 137
1178 216 1182 222 ’

70 393 147 477 Λᾶ
174 411 211 470 2.
243 390 435 488 explicat,
476 387 547 488 ipse
583 412 646 466 eos
685 389 852 477 secutus,
883 391 946 490 qui
978 391 1016 467 in
1041 403 1114 473 tres.

69 521 190 607 partes
212 502 411 582 dividentes
437 500 719 601 Apocalyplim,
762 504 807 578 ad
836 502 1028 580 iocundam
1051 503 1115 579 ud-

67 618 146 700 huc
169 638 245 714 cap.
276 625 334 699 18.
358 612 414 690 vel
446 636 503 701 19.
537 630 725 691 revocant:
758 614 820 691 ubi
853 613 1016 695 Cltristue
1034 612 1116 711 glo.

69 731 168 807 riolo
193 725 391 805 admodum
427 723 550 802 habitu
590 723 811 823 descriptus,
855 743 895 803 ut
922 741 1040 805 tamen
1069 727 1115 801 de

67 864 138 920 ore
169 841 243 917 eius
274 835 445 937 procedat
471 834 609 935 gladius
642 859 688 912 ex
723 851 873 936 utraque
908 851 1006 936 parte
1030 858 1116 940 acu-

69 968 158 1031 tus:
197 1006 219 1043 „
241 964 281 1028 ut
312 952 349 1023 in
380 948 457 1046 ipso
497 950 672 1044 percutiat
702 965 859 1047 gentes:
897 965 932 1027 et
963 948 1034 1046 ipse
1059 971 1115 1026 re·

67 1120 94 1159 ‚,
122 1079 188 1163 get
211 1084 268 1139 eas
293 1063 331 1136 in
355 1063 453 1156 virga
483 1059 618 1140 ferrea:
660 1073 696 1139 et
721 1059 794 1159 ipse
823 1058 933 1141 calcat
957 1058 1115 1137 torcular

66 1232 90 1270 „
122 1177 200 1250 vini
235 1172 367 1249 luroris
402 1173 460 1247 iras
487 1168 557 1247 Dei
588 1173 866 1269 omnipotentis.
927 1167 971 1249 Et
1007 1171 1115 1255 babet

66 1342 92 1381 „
121 1287 160 1363 in
179 1283 389 1360 vestimento
409 1281 473 1363 luo
495 1281 686 1383 scriptum:
708 1279 788 1365 Rex
806 1305 959 1383 regum.
976 1296 1013 1365 et
1032 1280 1114 1365 Do-

67 1453 93 1494 „
123 1398 246 1474 minus
271 1394 550 1473 dominantium.
573 1449 595 1486 ,‚

125 1555 220 1635 Sunt
248 1554 324 1633 haec
359 1556 457 1633 iuxta
496 1554 649 1655 psalmos
673 1552 717 1637 ll.
759 1568 796 1632 et
822 1551 925 1640 clx.
964 1555 1113 1643 anobis

66 1672 140 1747 inm
163 1664 390 1766 explicatos,
421 1690 580 1769 quorum
616 1669 736 1768 primo
765 1664 868 1748 Pater
898 1666 989 1746 Filio
1023 1691 1114 1775 gen·

67 1794 123 1857 tes
162 1778 321 1866 subiiclt‚
366 1801 453 1880 quas
481 1794 600 1878 reget,
640 1777 790 1855 rebelles
830 1779 980 1865 scilicet,
1012 1786 1113 1878 virga

66 1892 207 1984 ferrea;
235 1890 486 1967 alternantem
508 1889 626 1966 ledere
649 1891 796 1968 iubetur
822 1889 1016 1977 adextris,
1046 1890 1113 1972 do-
1214 1976 1220 1991 :

65 2026 138 2081 nec
161 2018 274 2103 ponat
289 2002 455 2080 inimicos
495 1998 685 2078 scabellum
724 1999 859 2102 pedum
896 2002 1056 2079 suorum.

123 2160 369 2257 Tradavimus
390 2159 435 2244 de
459 2159 527 2240 hac
546 2185 584 2239 re
609 2160 735 2260 supra,
757 2161 825 2239 iata
851 2162 1024 2261 persecuti
1047 2161 1113 2245 ua-

68 2274 218 2378 bylonis
243 2297 285 2353 ac
316 2276 512 2353 meretricis
544 2272 801 2374 apocalyptica
827 2272 953 2357 Romae
985 2279 1113 2355 veteris

67 2391 170 2466 iuxta
194 2400 352 2464 mentem
376 2383 461 2469 Ben.
485 2383 629 2466 Bolluet
652 2386 696 2462 ad
718 2410 758 2461 ea
782 2391 985 2466 revocantis
1014 2389 1112 2487 lipo-

68 2496 228 2599 calyplia
253 2521 337 2579 cum
365 2495 556 2583 Calmeto,
582 2516 622 2574 ut
646 2498 761 2574 modo
791 2498 972 2577 diximus:
1019 2500 1108 2576 dum

69 2611 148 2692 aliis
182 2612 218 2685 in
252 2604 446 2708 Apocalypsi
476 2609 561 2684 ordo
585 2618 783 2704 temporum
811 2608 981 2695 [ternum
1011 2613 1111 2690 iuxta

66 2717 211 2824 phrasin
239 2717 479 2799 Tertulliani:
520 2743 590 2819 qua
618 2719 690 2794 hoc
721 2723 840 2797 innuit
872 2720 1109 2822 Apocalypsin

67 2831 309 3024 lllllll
325 2853 582 3024 allel:
591 2829 929 3030 llllllltlt
944 2832 1111 3043 llll:

69 3054 241 3137 bendere.
301 3054 417 3149 Quod
447 3055 592 3154 systema
617 3051 792 3130 adfinem
815 3054 919 3130 seculi
944 3059 1113 3154 praeteriti

68 3165 297 3269 Chetardyus
315 3163 449 3245 Parisiis
469 3165 512 3245 ad
532 3165 566 3243 S.
586 3162 782 3265 sulpitium
808 3168 1008 3264 parochus,
1042 3192 1110 3247 nc·

71 3302 212 3380 perque
237 3277 451 3357 Pastorinius
480 3276 680 3359 catholicus
706 3280 744 3353 in
771 3276 899 3375 Anglia
927 3278 1112 3382 presbyter

68 3390 206 3476 secuti.
245 3390 377 3492 septem
397 3388 552 3488 epochas
571 3389 796 3475 statuerunt,
838 3413 989 3489 quarum
1009 3395 1112 3471 tertia

67 3501 132 3580 illa
147 3501 218 3589 est,
240 3504 360 3603 inqua
382 3500 563 3579 substitere
581 3497 769 3582 Boffuetus
787 3516 823 3582 et
844 3501 1049 3583 calmetus:
1072 3520 1113 3583 ut

68 3627 195 3695 tamea
209 3615 246 3689 in
263 3636 307 3690 eo
327 3614 565 3699 conveniant,
584 3611 684 3713 quod
705 3613 865 3689 vidorias
885 3616 987 3717 regni
1004 3612 1118 3694 Chri-⁸

66 3725 109 3812 sti
149 3727 185 3800 in
220 3727 320 3804 terris
359 3724 543 3805 militantis
576 3720 735 3808 Ecclelrae
769 3722 814 3799 de
852 3723 1012 3805 hostibus
1042 3727 1111 3809 luis

64 3835 219 3921 describi
251 3837 426 3919 statuant:
454 3835 555 3931 ,unde
587 3834 621 3910 se
654 3834 758 3911 l'olari
776 3837 812 3913 in
842 3834 1110 3919 adverfitatibus

69 3946 257 4057 quibusvis
280 3971 321 4031 ac
347 3947 685 4055 persecutionibus,
715 3948 949 4052 animumque
976 3953 1116 4046 erigere

546 4056 563 4141 l
595 4077 614 4156 5
995 4061 1058 4137 de-
1224 4146 1231 4181 ,
