2506 4958
281 241 433 351 regnam
463 214 594 311 chrnti
621 217 661 296 in
688 220 808 299 terris.
838 238 867 297 t.
900 202 950 305 ῙῘ,
1120 219 1142 315 i

92 384 209 473 bem,
251 383 404 463 affecuta
441 381 543 463 fuisse
567 382 635 460 visa
665 384 737 471 est,
794 405 884 482 gens
913 379 1031 459 invida
1066 406 1144 463 non
1184 466 1188 473 ,

91 525 191 586 una,
227 498 463 598 multiplicata
487 493 640 580 succeffu
656 499 863 594 temporis,
910 498 948 571 &
977 495 1146 593 antpliata

90 609 337 710 antesignanis
365 608 638 707 Albigenstbus,
670 605 956 696 Waldenfibus,
986 607 1149 688 Wiclef.

90 724 185 808 fitis,
233 720 400 813 Hussitis,
451 723 486 799 &
519 744 646 797 eorum
686 718 940 808 senatoribus,
984 715 1149 802 Ecclesia

92 835 290 916 catholica
308 836 492 918 interitum
517 833 767 922 minantibus.
806 847 914 935 atque
938 830 1146 936 apostatam

95 949 442 1050 improperantibus,

180 1109 238 1188 Ex
265 1109 396 1189 nostris
411 1105 555 1188 viciffim
580 1131 655 1190 non
688 1107 864 1199 deerant,
895 1109 958 1211 qui
982 1114 1050 1207 (ut
1065 1109 1148 1190 loa.

96 1223 266 1304 thimunt
293 1223 372 1304 abb.
413 1219 554 1300 filentio
592 1237 825 1320 preteream,
879 1226 937 1301 cui
967 1222 1148 1324 supponat

95 1339 204 1421 funt,
248 1359 328 1435 qua
358 1334 686 1422 circumferuntur,
738 1331 938 1424 vaticinia)
979 1337 1150 1440 prospera

97 1448 360 1526 orninabantut
380 1444 442 1530 ad
473 1462 635 1533 veterum
671 1445 927 1524 Chiliastorum
962 1465 1149 1531 mentemt

97 1552 216 1639 veluti
239 1557 292 1645 lo
306 1557 538 1646 viterbiensis
559 1557 733 1658 praecisrus
753 1584 793 1637 ac
810 1558 993 1660 fignanter
1010 1575 1153 1642 annunt

102 1685 181 1764 148
195 1694 226 1748 r.
253 1667 457 1767 designabat
474 1725 485 1755 .
516 1671 622 1749 Sixto
642 1670 705 1749 lV.
726 1669 764 1755 Ρ.
782 1668 894 1768 snper
914 1667 1050 1770 Apotal.
1067 1672 1151 1773 pol.

97 1786 227 1864 licitus.
243 1783 464 1872 vittoniamtt
476 1781 635 1869 Tomis,
658 1788 903 1886 omniumque
922 1783 1150 1865 ecclesiarum

99 1899 352 1974 obedientiam
367 1897 431 1971 [ub
446 1890 615 1982 Romano
627 1893 827 1981 pontifice,
857 1895 1152 1994 atqueinstgnem

99 2006 269 2096 Ecclessae
295 2006 452 2095 formant
484 2007 585 2087 mille
610 2009 713 2087 annis
739 2005 958 2089 duraturam.
1016 2007 1153 2087 aanor

101 2120 214 2206 libri,
249 2121 310 2204 cui
333 2118 483 2208 titulun:
516 2118 614 2202 Onus
639 2114 811 2206 Ecclefin,
843 2120 878 2194 in
900 2118 1051 2196 eandem
1077 2118 1155 2197 sen-

102 2237 262 2317 tentiam
287 2254 321 2320 c.¹
349 2241 410 2318 62.
438 2230 619 2330 triplicem
641 2230 829 2330 distinguit
858 2230 991 2309 Christi
1021 2229 1155 2309 adven.

105 2361 222 2424 tum:
263 2347 426 2445 primum
467 2346 668 2430 incarne,
711 2343 859 2442 quando
889 2344 1004 2421 homo
1043 2344 1155 2423 satius

108 2459 254 2533 mundo
272 2445 462 2557 appatuitt
490 2456 643 2539 alterum
667 2456 784 2533 statuit
814 2458 851 2539 in
878 2459 1070 2534 virtute&
1104 2457 1157 2535 ef.

106 2569 230 2649 ficaria
261 2567 433 2666 spirituali
461 2568 505 2651 ad
544 2568 831 2645 interficiendum
871 2568 1155 2661 Antichristotn,

109 2703 345 2779 regnumque·
373 2679 506 2765 Christi
530 2681 566 2759 in
595 2683 696 2754 terris
728 2680 1016 2768 instaurandum,
1053 2684 1157 2780 quod

110 2795 217 2871 stabit
248 2794 361 2890 usque·
380 2791 426 2875 ad.
461 2795 605 2870 tertium
633 2789 739 2888 ipfius
771 2790 965 2872 adventum
994 2799 1029 2867 in
1061 2793 1158 2870 finali

111 2908 263 2989 iudicio..
294 2902 437 3003 Scripsrt
457 2905 563 2979 etiam
582 2960 593 2988 ‚
624 2921 664 2978 ut
683 2903 771 2977 alios
786 2920 919 2979 taceam
939 2959 948 2990 ‚
981 2904 1159 2983 Nicotaus

110 3019 155 3095 de
192 3015 292 3102 Cuia
328 3018 424 3103 card„
455 3015 697 3093 conietturanr
731 3015 861 3092 eodem
890 3016 953 3092 sec.
992 3013 1080 3094 XV.
1112 3012 1159 3092 de

112 3126 318 3215 noriffirnis
354 3128 507 3214 diebus,
549 3128 733 3203 vitioriam
760 3127 805 3204 de
834 3127 1051 3204 Antichristo
1079 3128 1161 3225 post

112 3266 254 3318 annum
288 3262 401 3332 1700.
439 3258 602 3316 antean.
638 3259 751 3332 ¹734·
785 3239 981 3316 collocans:
1014 3240 1093 3338 post
1117 3240 1161 3316 il·

114 3356 176 3431 lud
208 3372 354 3450 tempus
382 3369 501 3428 autem
534 3350 772 3429 ascensionem
807 3350 967 3429 Ecclefiae
1002 3352 1161 3430 futuram

115 3465 183 3543 effe
227 3464 376 3543 Christo
415 3463 547 3563 fponso
572 3464 784 3540 adveniente
803 3463 846 3539 ad
881 3466 1073 3551 iudicium,
1103 3464 1162 3541 sed

116 3581 303 3656 neminem.
342 3575 510 3653 sciturum
551 3577 757 3653 adventum.
818 3575 918 3652 Alios
957 3578 1165 3674 complures

118 3694 195 3768 abb.
234 3689 420 3768 Calmetus
446 3692 480 3762 in
509 3686 639 3764 differt.
665 3687 706 3763 de
746 3685 955 3770 Antichristo
983 3687 1027 3765 T.
1063 3687 1165 3766 tht.

118 3800 409 3880 commentans.
431 3799 557 3896 Script.
589 3799 774 3886 recenset,
806 3803 866 3900 qui
895 3794 1112 3876 Antichristo
1128 3802 1166 3876 St

116 3915 427 3995 consummationi
455 3913 562 3992 seculi
595 3935 735 3990 certum
767 3911 1051 3991 determinarunt
1077 3930 1171 3988 tenta

603 4025 689 4107 Aa
1013 4048 1115 4130 put.
1235 4116 1238 4129 ,
