2506 4958
225 235 376 312 regnum
397 206 587 301 christiin
601 152 724 289 serrr'r.
742 231 770 287 c.
787 201 933 289 XLIII.
1049 218 1103 309 ες

56 435 79 471 „
108 377 211 454 tione
247 375 406 477 destituti
443 375 488 451 ad
527 373 845 452 extraordinariam
896 372 1099 473 confugere

57 547 80 583 „
110 489 223 566 coatii
239 484 392 566 fuissent.
452 485 707 584 intelligebant
728 487 825 562 enim
852 486 918 560 riri
938 487 1098 585 pruden-

57 658 80 696 „
112 599 252 685 tissimi,
284 613 453 698 quantam
473 597 649 685 sceleratis
672 610 816 696 portam
837 610 1026 697 aperturus
1045 596 1098 676 es-
1178 630 1183 639 ·

58 771 81 808 ‚,
109 712 158 790 set
183 723 376 814 praetextus
404 709 465 786 ille
501 708 677 810 quidlibet
706 708 888 794 audendi,
920 704 1096 809 siquidem

56 882 80 919 ‚‚
110 823 183 900 fine
225 821 515 900 extraordinarie
561 820 761 898 vocationis
802 820 1096 902 extraordinarii·

57 994 80 1030 ,,
110 937 333 1034 argumentis
356 933 616 1011 admitteretur.
636 982 659 1027 „

142 1095 283 1178 Fefellit
306 1116 419 1195 porro
437 1094 531 1195 Ipsor
555 1097 667 1184 ratio,
700 1094 787 1173 dum
809 1094 887 1195 iugi
907 1092 1014 1176 etiam
1032 1118 1099 1176 ex·

57 1212 261 1311 perientia,
292 1223 329 1284 et
359 1208 572 1289 conditione
601 1208 767 1286 humanat
788 1224 923 1286 naturae
951 1208 1096 1302 edotii,

58 1324 179 1399 secum
197 1320 292 1396 haud
312 1319 561 1420 perpendunt,
581 1320 680 1397 nihiI
697 1318 770 1399 fine
792 1319 955 1418 legitima
973 1322 1099 1401 autio-

58 1435 185 1519 ritate,
217 1431 512 1509 subordinatione
534 1445 570 1509 et
595 1429 746 1520 ordine,
774 1431 1005 1523 ordinatum,
1034 1430 1100 1513 sibi
1155 1506 1160 1531 ,

58 1544 312 1632 ¹consentiens,
361 1547 527 1621 constans
553 1558 589 1621 et
614 1544 735 1620 stabile
761 1540 830 1621 effe
859 1542 958 1643 posse
977 1547 1014 1621 in
1031 1540 1100 1625 Ec·

59 1655 185 1743 clena,
217 1654 319 1756 quod
344 1673 451 1755 caput
477 1657 654 1754 imprimis
682 1652 812 1732 attinet
834 1655 943 1754 ipsam
967 1655 1100 1745 fidem,
1229 1648 1233 1659 ’

59 1772 162 1848 cuius
188 1772 313 1868 utique
326 1769 514 1842 arbitrium
540 1760 735 1865 peripsum
755 1763 949 1867 palladium
970 1766 1099 1858 suum,

57 1878 260 1959 libertatem
298 1877 554 1961 conscientia,
593 1874 749 1977 principi
781 1872 992 1975 confignare
1020 1901 1100 1958 non

61 2007 241 2094 poterant.
300 1984 409 2065 Unde
448 2043 470 2081 ‚2
489 1987 701 2088 postquam,
728 1992 801 2082 (ut
817 1990 1012 2066 memorati
1028 1989 1104 2069 iant

61 2104 84 2197 ‚',
114 2101 167 2179 Μ.
193 2096 307 2179 Pfaffii
333 2100 449 2177 verbu
472 2098 511 2188 a)
533 2123 609 2176 rem
633 2095 832 2191 edicam)
875 2112 960 2177 aute
978 2123 1100 2180 annor

60 2272 84 2309 „
113 2213 291 2291 ducentos
322 2210 416 2290 sacra
459 2210 775 2299 reformarentur,
822 2213 1010 2313 contigit,
1058 2226 1102 2293 ut

61 2385 84 2422 „
115 2328 249 2425 quaevis
267 2323 340 2400 fere
357 2322 518 2410 ecclesia,
537 2348 557 2400 a
574 2318 751 2402 Romanis
773 2321 874 2402 sacris
894 2347 975 2424 quae
991 2323 1102 2404 seces·

63 2494 86 2531 „
116 2438 177 2524 sit,
195 2436 409 2536 peculiarem
431 2434 492 2513 sibi
516 2435 641 2512 faciem
655 2439 832 2536 pingeret.
893 2432 935 2515 Et
952 2438 989 2513 in
1008 2436 1102 2516 Ger-

62 2607 85 2642 „
117 2553 230 2625 mania
254 2551 430 2648 quidem.
462 2549 522 2624 ubi
548 2544 725 2625 Martinus
757 2543 939 2627 Lutherur
974 2547 1103 2627 divino

63 2719 86 2754 „
116 2677 210 2737 nutu
239 2664 395 2757 primunr
425 2660 516 2735 sacra
548 2661 724 2746 mutavit,
775 2659 872 2734 ordo
889 2659 1103 2760 episcopalis

63 2832 87 2867 ‚‚
117 2771 298 2856 sublatus,
331 2775 386 2846 ius
424 2769 607 2845 sacrorum
634 2784 670 2845 et
700 2767 904 2847 absolutum
928 2772 1104 2871 principi·

63 2942 87 2978 ‚,
114 2886 180 2960 bus
201 2883 421 2980 summisque
450 2880 712 2979 magistratibus
730 2881 939 2968 redditum,
969 2895 1006 2959 et
1023 2881 1104 2959 coi-

64 3054 87 3091 „
117 2993 244 3094 legiase
263 2993 305 3069 ad
326 2993 422 3092 Ipsos
455 2990 667 3069 devolutum
694 2990 754 3070 est.
814 2990 960 3071 Sublata
980 2993 1105 3093 itaque

64 3166 87 3203 ,‚
118 3108 371 3208 episcoporum
395 3104 576 3202 dignitas,
607 3102 739 3181 sublata
770 3101 860 3200 legit
890 3103 1105 3183 dioecesanae

66 3221 295 3318 „precipua
335 3220 441 3306 iura,
509 3213 644 3294 sublata
687 3212 882 3295 iurisdidio
920 3215 1107 3320 episcopa·

67 3388 91 3426 „
121 3332 162 3408 sis
194 3332 262 3409 &o
292 3381 315 3420 .‚
1075 3328 1079 3337 ’

154 3487 253 3567 idem
276 3488 453 3569 tamenin
476 3480 607 3565 differt.
638 3484 679 3563 de
691 3482 907 3586 sucrefflom'r
928 3482 1106 3585 episcopo·
1183 3468 1191 3493 ⁸

67 3599 160 3704 polis
180 3603 273 3696 apud
297 3598 526 3688 Protodantes
542 3601 659 3695 pretio
679 3598 813 3701 (quod
840 3621 1016 3697 magnum
1040 3599 1109 3678 ua·

71 3719 163 3800 ruit,
196 3712 244 3790 lb.
268 3737 301 3813 p.
322 3725 410 3804 369.
434 3728 470 3791 et
488 3711 577 3789 nihii
592 3735 671 3791 nou
688 3712 735 3791 ad
757 3711 1012 3790 restituendam
1030 3712 1107 3815 eps·

69 3854 179 3935 Tont.
214 3851 257 3931 tt.
594 3848 624 3931 E
704 3880 711 3892 ·
927 3850 1055 3955 scopa·

111 4011 148 4088 a)
170 4005 244 4073 iuria
266 3998 369 4074 ecetet
386 4000 440 4071 lib.
463 4002 501 4072 11.
526 4024 553 4074 c.
571 4012 601 4073 ⁶.
