<?xml version="1.0" encoding="UTF-8"?>
<!DOCTYPE html PUBLIC "-//W3C//DTD XHTML 1.0 Transitional//EN"
    "http://www.w3.org/TR/xhtml1/DTD/xhtml1-transitional.dtd">
<html xmlns="http://www.w3.org/1999/xhtml" xml:lang="en" lang="en">
 <head>
  <title>
</title>
<meta http-equiv="Content-Type" content="text/html;charset=utf-8" />
  <meta name='ocr-system' content='tesseract 3.04.00' />
  <meta name='ocr-capabilities' content='ocr_page ocr_carea ocr_par ocr_line ocrx_word'/>
</head>
<body>
  <div class='ocr_page' id='page_1' title='image "./ecclesiamilitan01gerbgoog_0218.png"; bbox 0 0 2506 4958; ppageno 0'>
   <div class='ocr_carea' id='block_1_1' title="bbox 238 106 1112 219">
    <p class='ocr_par' dir='ltr' id='par_1_1' title="bbox 238 106 1112 219">
     <span class='ocr_line' id='line_1_1' title="bbox 238 106 1112 219; baseline 0.009 -28"><span class='ocrx_word' id='word_1_1' title='bbox 238 133 400 213; x_wconf 82' lang='lat' dir='ltr'><strong>reguum·</strong></span> <span class='ocrx_word' id='word_1_2' title='bbox 421 106 552 199; x_wconf 73' lang='lat' dir='ltr'><strong>chrm·</strong></span> <span class='ocrx_word' id='word_1_3' title='bbox 578 112 755 191; x_wconf 82' lang='lat' dir='ltr'><strong>interris</strong></span> <span class='ocrx_word' id='word_1_4' title='bbox 782 136 811 191; x_wconf 87' lang='lat' dir='ltr'><strong>c.</strong></span> <span class='ocrx_word' id='word_1_5' title='bbox 847 110 956 197; x_wconf 83' lang='lat' dir='ltr'><strong><em>XXI.</em></strong></span> <span class='ocrx_word' id='word_1_6' title='bbox 1033 141 1112 219; x_wconf 70' lang='lat'><strong>195</strong></span> 
     </span>
    </p>
   </div>
   <div class='ocr_carea' id='block_1_2' title="bbox 62 274 1112 2053">
    <p class='ocr_par' dir='ltr' id='par_1_2' title="bbox 62 274 1112 2053">
     <span class='ocr_line' id='line_1_2' title="bbox 67 274 1112 381; baseline 0.009 -25"><span class='ocrx_word' id='word_1_7' title='bbox 67 276 135 381; x_wconf 86' lang='lat' dir='ltr'><strong>qui</strong></span> <span class='ocrx_word' id='word_1_8' title='bbox 154 274 304 355; x_wconf 77' lang='lat' dir='ltr'><strong>technas</strong></span> <span class='ocrx_word' id='word_1_9' title='bbox 320 276 513 354; x_wconf 83' lang='lat' dir='ltr'><strong>struerent:</strong></span> <span class='ocrx_word' id='word_1_10' title='bbox 539 292 579 353; x_wconf 92' lang='lat' dir='ltr'><strong>ut</strong></span> <span class='ocrx_word' id='word_1_11' title='bbox 596 276 661 356; x_wconf 87' lang='lat' dir='ltr'><strong>sub</strong></span> <span class='ocrx_word' id='word_1_12' title='bbox 679 275 921 357; x_wconf 73' lang='lat' dir='ltr'><strong>Constantino</strong></span> <span class='ocrx_word' id='word_1_13' title='bbox 941 276 1112 364; x_wconf 75' lang='lat' dir='ltr'><strong>Eusebio·</strong></span> 
     </span>
     <span class='ocr_line' id='line_1_3' title="bbox 62 388 1108 495; baseline 0.009 -27"><span class='ocrx_word' id='word_1_14' title='bbox 62 388 311 495; x_wconf 85' lang='lat' dir='ltr'><strong>potiffimum,</strong></span> <span class='ocrx_word' id='word_1_15' title='bbox 341 393 390 465; x_wconf 81' lang='lat' dir='ltr'><strong>itu</strong></span> <span class='ocrx_word' id='word_1_16' title='bbox 410 389 474 465; x_wconf 82' lang='lat' dir='ltr'><strong>iub</strong></span> <span class='ocrx_word' id='word_1_17' title='bbox 499 388 717 466; x_wconf 85' lang='lat' dir='ltr'><strong>Constantio</strong></span> <span class='ocrx_word' id='word_1_18' title='bbox 744 393 920 487; x_wconf 81' lang='lat' dir='ltr'><strong>imprimis</strong></span> <span class='ocrx_word' id='word_1_19' title='bbox 938 391 1108 477; x_wconf 78' lang='lat' dir='ltr'><strong>Urieciut</strong></span> 
     </span>
     <span class='ocr_line' id='line_1_4' title="bbox 62 497 1108 601; baseline 0.008 -20"><span class='ocrx_word' id='word_1_20' title='bbox 62 520 104 581; x_wconf 90' lang='lat' dir='ltr'><strong>et</strong></span> <span class='ocrx_word' id='word_1_21' title='bbox 125 500 281 587; x_wconf 77' lang='lat' dir='ltr'><strong>Veiens,</strong></span> <span class='ocrx_word' id='word_1_22' title='bbox 312 498 376 601; x_wconf 91' lang='lat' dir='ltr'><strong>qui</strong></span> <span class='ocrx_word' id='word_1_23' title='bbox 395 502 503 577; x_wconf 86' lang='lat' dir='ltr'><strong>etiam</strong></span> <span class='ocrx_word' id='word_1_24' title='bbox 524 512 640 597; x_wconf 80' lang='lat' dir='ltr'><strong>putres</strong></span> <span class='ocrx_word' id='word_1_25' title='bbox 661 497 899 579; x_wconf 84' lang='lat' dir='ltr'><strong>Ariminenses</strong></span> <span class='ocrx_word' id='word_1_26' title='bbox 921 504 991 583; x_wconf 81' lang='lat' dir='ltr'><strong>sois</strong></span> <span class='ocrx_word' id='word_1_27' title='bbox 1010 508 1108 589; x_wconf 85' lang='lat' dir='ltr'><strong>frau-</strong></span> 
     </span>
     <span class='ocr_line' id='line_1_5' title="bbox 64 604 1109 712; baseline 0.002 -19"><span class='ocrx_word' id='word_1_28' title='bbox 64 614 175 693; x_wconf 86' lang='lat' dir='ltr'><strong>dibus</strong></span> <span class='ocrx_word' id='word_1_29' title='bbox 194 616 410 690; x_wconf 84' lang='lat' dir='ltr'><strong>irretierunt</strong></span> <span class='ocrx_word' id='word_1_30' title='bbox 469 604 615 689; x_wconf 66' lang='lat' dir='ltr'><strong>Fabium</strong></span> <span class='ocrx_word' id='word_1_31' title='bbox 634 607 668 688; x_wconf 90' lang='lat' dir='ltr'><strong>id</strong></span> <span class='ocrx_word' id='word_1_32' title='bbox 685 612 844 712; x_wconf 83' lang='lat' dir='ltr'><strong>specioso</strong></span> <span class='ocrx_word' id='word_1_33' title='bbox 862 614 1011 710; x_wconf 87' lang='lat' dir='ltr'><strong>(utfit)</strong></span> <span class='ocrx_word' id='word_1_34' title='bbox 1027 622 1109 700; x_wconf 80' lang='lat' dir='ltr'><strong>uni.</strong></span> 
     </span>
     <span class='ocr_line' id='line_1_6' title="bbox 62 720 1108 827; baseline 0.008 -24"><span class='ocrx_word' id='word_1_35' title='bbox 62 730 150 803; x_wconf 82' lang='lat' dir='ltr'><strong>tatis</strong></span> <span class='ocrx_word' id='word_1_36' title='bbox 175 742 213 801; x_wconf 87' lang='lat' dir='ltr'><strong>et</strong></span> <span class='ocrx_word' id='word_1_37' title='bbox 240 720 514 801; x_wconf 75' lang='lat' dir='ltr'><strong>communionis</strong></span> <span class='ocrx_word' id='word_1_38' title='bbox 549 720 787 803; x_wconf 79' lang='lat' dir='ltr'><strong>ecclessasticae</strong></span> <span class='ocrx_word' id='word_1_39' title='bbox 818 742 1016 827; x_wconf 75' lang='lat' dir='ltr'><strong>pretextu,</strong></span> <span class='ocrx_word' id='word_1_40' title='bbox 1065 746 1108 813; x_wconf 88' lang='lat' dir='ltr'><strong>ut</strong></span> 
     </span>
     <span class='ocr_line' id='line_1_7' title="bbox 62 830 1107 939; baseline 0.006 -22"><span class='ocrx_word' id='word_1_41' title='bbox 62 838 98 917; x_wconf 74' lang='lat' dir='ltr'>S</span> <span class='ocrx_word' id='word_1_42' title='bbox 121 836 370 939; x_wconf 83' lang='lat' dir='ltr'><strong>Hieronymus</strong></span> <span class='ocrx_word' id='word_1_43' title='bbox 391 830 430 921; x_wconf 90' lang='lat' dir='ltr'><strong>o)</strong></span> <span class='ocrx_word' id='word_1_44' title='bbox 454 830 637 934; x_wconf 71' lang='lat' dir='ltr'><strong>perbibere</strong></span> <span class='ocrx_word' id='word_1_45' title='bbox 668 884 691 928; x_wconf 84' lang='lat'><strong>„</strong></span> <span class='ocrx_word' id='word_1_46' title='bbox 710 838 787 915; x_wconf 84' lang='lat' dir='ltr'><strong>Sub</strong></span> <span class='ocrx_word' id='word_1_47' title='bbox 812 842 964 917; x_wconf 89' lang='lat' dir='ltr'><strong>nomine</strong></span> <span class='ocrx_word' id='word_1_48' title='bbox 990 847 1107 923; x_wconf 87' lang='lat' dir='ltr'><strong>uuita·</strong></span> 
     </span>
     <span class='ocr_line' id='line_1_8' title="bbox 63 942 1107 1057; baseline 0 -30"><span class='ocrx_word' id='word_1_49' title='bbox 63 1006 89 1045; x_wconf 86' lang='lat'>„</span> <span class='ocrx_word' id='word_1_50' title='bbox 119 952 191 1033; x_wconf 80' lang='lat' dir='ltr'><strong>tir.</strong></span> <span class='ocrx_word' id='word_1_51' title='bbox 222 962 258 1025; x_wconf 89' lang='lat' dir='ltr'><strong>et</strong></span> <span class='ocrx_word' id='word_1_52' title='bbox 278 948 358 1023; x_wconf 88' lang='lat' dir='ltr'><strong>fidei</strong></span> <span class='ocrx_word' id='word_1_53' title='bbox 383 944 568 1023; x_wconf 77' lang='lat' dir='ltr'><strong>infidelitas</strong></span> <span class='ocrx_word' id='word_1_54' title='bbox 597 948 724 1049; x_wconf 83' lang='lat' dir='ltr'><strong>scripta</strong></span> <span class='ocrx_word' id='word_1_55' title='bbox 750 942 823 1038; x_wconf 77' lang='lat' dir='ltr'><strong>est,</strong></span> <span class='ocrx_word' id='word_1_56' title='bbox 854 968 896 1029; x_wconf 91' lang='lat' dir='ltr'><strong>ut</strong></span> <span class='ocrx_word' id='word_1_57' title='bbox 916 977 1019 1031; x_wconf 89' lang='lat' dir='ltr'><strong>nuuc</strong></span> <span class='ocrx_word' id='word_1_58' title='bbox 1042 980 1107 1057; x_wconf 82' lang='lat' dir='ltr'><strong>og.</strong></span> 
     </span>
     <span class='ocr_line' id='line_1_9' title="bbox 63 1054 1106 1165; baseline 0.007 -28"><span class='ocrx_word' id='word_1_59' title='bbox 63 1120 90 1157; x_wconf 86' lang='lat'><strong>‚‚</strong></span> <span class='ocrx_word' id='word_1_60' title='bbox 119 1060 287 1138; x_wconf 77' lang='lat' dir='ltr'><strong>noscitur.</strong></span> <span class='ocrx_word' id='word_1_61' title='bbox 349 1054 442 1135; x_wconf 84' lang='lat' dir='ltr'><strong>Nam</strong></span> <span class='ocrx_word' id='word_1_62' title='bbox 468 1056 530 1135; x_wconf 85' lang='lat' dir='ltr'><strong>ilio</strong></span> <span class='ocrx_word' id='word_1_63' title='bbox 558 1072 727 1157; x_wconf 84' lang='lat' dir='ltr'><strong>tempore</strong></span> <span class='ocrx_word' id='word_1_64' title='bbox 755 1058 844 1138; x_wconf 86' lang='lat' dir='ltr'><strong>nihii</strong></span> <span class='ocrx_word' id='word_1_65' title='bbox 869 1076 943 1141; x_wconf 81' lang='lat' dir='ltr'><strong>tam</strong></span> <span class='ocrx_word' id='word_1_66' title='bbox 972 1069 1106 1165; x_wconf 84' lang='lat' dir='ltr'><strong>pium.</strong></span> 
     </span>
     <span class='ocr_line' id='line_1_10' title="bbox 63 1168 1109 1279; baseline 0.007 -30"><span class='ocrx_word' id='word_1_67' title='bbox 63 1230 90 1269; x_wconf 87' lang='lat'>„</span> <span class='ocrx_word' id='word_1_68' title='bbox 120 1171 210 1249; x_wconf 90' lang='lat' dir='ltr'><strong>nihil</strong></span> <span class='ocrx_word' id='word_1_69' title='bbox 228 1191 299 1249; x_wconf 80' lang='lat' dir='ltr'><strong>tam</strong></span> <span class='ocrx_word' id='word_1_70' title='bbox 318 1174 538 1247; x_wconf 87' lang='lat' dir='ltr'><strong>conveniens</strong></span> <span class='ocrx_word' id='word_1_71' title='bbox 557 1172 657 1247; x_wconf 86' lang='lat' dir='ltr'><strong>servo</strong></span> <span class='ocrx_word' id='word_1_72' title='bbox 675 1169 746 1249; x_wconf 89' lang='lat' dir='ltr'><strong>Dei</strong></span> <span class='ocrx_word' id='word_1_73' title='bbox 766 1168 972 1263; x_wconf 76' lang='lat' dir='ltr'><strong>ridebatur.</strong></span> <span class='ocrx_word' id='word_1_74' title='bbox 994 1182 1109 1279; x_wconf 83' lang='lat' dir='ltr'><strong>qnam</strong></span> 
     </span>
     <span class='ocr_line' id='line_1_11' title="bbox 64 1284 1105 1381; baseline 0.01 -18"><span class='ocrx_word' id='word_1_75' title='bbox 64 1342 90 1380; x_wconf 88' lang='lat'>„</span> <span class='ocrx_word' id='word_1_76' title='bbox 119 1288 294 1363; x_wconf 81' lang='lat' dir='ltr'><strong>unitatem</strong></span> <span class='ocrx_word' id='word_1_77' title='bbox 321 1285 438 1381; x_wconf 80' lang='lat' dir='ltr'><strong>sequi.</strong></span> <span class='ocrx_word' id='word_1_78' title='bbox 463 1300 499 1359; x_wconf 90' lang='lat' dir='ltr'><strong>et</strong></span> <span class='ocrx_word' id='word_1_79' title='bbox 515 1306 534 1359; x_wconf 88' lang='lat' dir='ltr'>a</span> <span class='ocrx_word' id='word_1_80' title='bbox 551 1287 665 1361; x_wconf 88' lang='lat' dir='ltr'><strong>totius</strong></span> <span class='ocrx_word' id='word_1_81' title='bbox 687 1284 814 1361; x_wconf 90' lang='lat' dir='ltr'><strong>mundi</strong></span> <span class='ocrx_word' id='word_1_82' title='bbox 837 1295 1105 1373; x_wconf 79' lang='lat' dir='ltr'><strong>communione</strong></span> 
     </span>
     <span class='ocr_line' id='line_1_12' title="bbox 63 1390 1106 1495; baseline 0.008 -22"><span class='ocrx_word' id='word_1_83' title='bbox 63 1454 90 1492; x_wconf 90' lang='lat'>„</span> <span class='ocrx_word' id='word_1_84' title='bbox 121 1422 200 1473; x_wconf 93' lang='lat' dir='ltr'><strong>non</strong></span> <span class='ocrx_word' id='word_1_85' title='bbox 225 1392 334 1471; x_wconf 81' lang='lat' dir='ltr'><strong>scindi</strong></span> <span class='ocrx_word' id='word_1_86' title='bbox 350 1446 383 1489; x_wconf 85' lang='lat'><strong>„.</strong></span> <span class='ocrx_word' id='word_1_87' title='bbox 443 1396 623 1495; x_wconf 84' lang='lat' dir='ltr'><strong>Scriptura</strong></span> <span class='ocrx_word' id='word_1_88' title='bbox 645 1400 778 1483; x_wconf 75' lang='lat' dir='ltr'><strong>etiam.</strong></span> <span class='ocrx_word' id='word_1_89' title='bbox 809 1390 941 1475; x_wconf 61' lang='lat' dir='ltr'><strong>&amp;fidei</strong></span> <span class='ocrx_word' id='word_1_90' title='bbox 973 1400 1106 1481; x_wconf 85' lang='lat' dir='ltr'><strong>Refor-</strong></span> 
     </span>
     <span class='ocr_line' id='line_1_13' title="bbox 66 1506 1106 1614; baseline 0.005 -27"><span class='ocrx_word' id='word_1_91' title='bbox 66 1526 251 1587; x_wconf 83' lang='lat' dir='ltr'><strong>matorum</strong></span> <span class='ocrx_word' id='word_1_92' title='bbox 280 1508 387 1584; x_wconf 83' lang='lat' dir='ltr'><strong>solito</strong></span> <span class='ocrx_word' id='word_1_93' title='bbox 414 1530 536 1593; x_wconf 76' lang='lat' dir='ltr'><strong>more,</strong></span> <span class='ocrx_word' id='word_1_94' title='bbox 568 1506 879 1606; x_wconf 74' lang='lat' dir='ltr'><strong>praetendebatur:</strong></span> <span class='ocrx_word' id='word_1_95' title='bbox 908 1528 1039 1614; x_wconf 81' lang='lat' dir='ltr'><strong>atque,</strong></span> <span class='ocrx_word' id='word_1_96' title='bbox 1063 1528 1106 1596; x_wconf 82' lang='lat' dir='ltr'><strong>ut</strong></span> 
     </span>
     <span class='ocr_line' id='line_1_14' title="bbox 68 1616 1105 1719; baseline 0.004 -20"><span class='ocrx_word' id='word_1_97' title='bbox 68 1620 167 1699; x_wconf 85' lang='lat' dir='ltr'><strong>idem</strong></span> <span class='ocrx_word' id='word_1_98' title='bbox 190 1622 225 1695; x_wconf 81' lang='lat' dir='ltr'><strong>S.</strong></span> <span class='ocrx_word' id='word_1_99' title='bbox 251 1616 494 1719; x_wconf 84' lang='lat' dir='ltr'><strong>Hieronymus</strong></span> <span class='ocrx_word' id='word_1_100' title='bbox 520 1620 626 1695; x_wconf 84' lang='lat' dir='ltr'><strong>habet</strong></span> <span class='ocrx_word' id='word_1_101' title='bbox 652 1666 675 1711; x_wconf 81' lang='grc'><strong>,,</strong></span> <span class='ocrx_word' id='word_1_102' title='bbox 692 1620 738 1695; x_wconf 91' lang='lat' dir='ltr'><strong>de</strong></span> <span class='ocrx_word' id='word_1_103' title='bbox 759 1618 848 1697; x_wconf 82' lang='lat' dir='ltr'><strong>Ufiae</strong></span> <span class='ocrx_word' id='word_1_104' title='bbox 873 1628 1025 1701; x_wconf 91' lang='lat' dir='ltr'><strong>nomine</strong></span> <span class='ocrx_word' id='word_1_105' title='bbox 1041 1628 1105 1703; x_wconf 84' lang='lat' dir='ltr'><strong>ab·</strong></span> 
     </span>
     <span class='ocr_line' id='line_1_15' title="bbox 62 1728 1105 1834; baseline 0.009 -27"><span class='ocrx_word' id='word_1_106' title='bbox 62 1790 87 1827; x_wconf 85' lang='lat'>„</span> <span class='ocrx_word' id='word_1_107' title='bbox 118 1734 297 1815; x_wconf 68' lang='lat' dir='ltr'><strong>notendo.</strong></span> <span class='ocrx_word' id='word_1_108' title='bbox 327 1734 398 1806; x_wconf 86' lang='lat' dir='ltr'><strong>veri</strong></span> <span class='ocrx_word' id='word_1_109' title='bbox 428 1728 548 1805; x_wconf 81' lang='lat' dir='ltr'><strong>iimilis</strong></span> <span class='ocrx_word' id='word_1_110' title='bbox 573 1735 664 1803; x_wconf 76' lang='lat' dir='ltr'><strong>totio</strong></span> <span class='ocrx_word' id='word_1_111' title='bbox 685 1733 929 1827; x_wconf 73' lang='lat' dir='ltr'><strong>prebebatur:</strong></span> <span class='ocrx_word' id='word_1_112' title='bbox 960 1740 1044 1834; x_wconf 80' lang='lat' dir='ltr'><strong>quio</strong></span> <span class='ocrx_word' id='word_1_113' title='bbox 1062 1739 1105 1816; x_wconf 92' lang='lat' dir='ltr'><strong>iu</strong></span> 
     </span>
     <span class='ocr_line' id='line_1_16' title="bbox 64 1840 1103 1944; baseline 0.006 -23"><span class='ocrx_word' id='word_1_114' title='bbox 64 1900 89 1939; x_wconf 80' lang='lat'><strong>„</strong></span> <span class='ocrx_word' id='word_1_115' title='bbox 121 1844 321 1944; x_wconf 84' lang='lat' dir='ltr'><strong>scripturis,</strong></span> <span class='ocrx_word' id='word_1_116' title='bbox 368 1850 532 1923; x_wconf 78' lang='lat' dir='ltr'><strong>aiebant,</strong></span> <span class='ocrx_word' id='word_1_117' title='bbox 567 1862 643 1917; x_wconf 90' lang='lat' dir='ltr'><strong>uon</strong></span> <span class='ocrx_word' id='word_1_118' title='bbox 662 1840 863 1928; x_wconf 85' lang='lat' dir='ltr'><strong>invenitur,</strong></span> <span class='ocrx_word' id='word_1_119' title='bbox 895 1856 932 1921; x_wconf 87' lang='lat' dir='ltr'><strong>et</strong></span> <span class='ocrx_word' id='word_1_120' title='bbox 962 1844 1103 1927; x_wconf 77' lang='lat' dir='ltr'><strong>muitor</strong></span> 
     </span>
     <span class='ocr_line' id='line_1_17' title="bbox 64 1950 1105 2053; baseline 0.009 -21"><span class='ocrx_word' id='word_1_121' title='bbox 64 2014 90 2051; x_wconf 86' lang='lat'>„</span> <span class='ocrx_word' id='word_1_122' title='bbox 124 1956 357 2053; x_wconf 80' lang='lat' dir='ltr'><strong>fimpiiciores</strong></span> <span class='ocrx_word' id='word_1_123' title='bbox 392 1956 552 2029; x_wconf 79' lang='lat' dir='ltr'><strong>novitate</strong></span> <span class='ocrx_word' id='word_1_124' title='bbox 592 1952 649 2029; x_wconf 81' lang='lat' dir='ltr'><strong>sua</strong></span> <span class='ocrx_word' id='word_1_125' title='bbox 684 1950 905 2031; x_wconf 82' lang='lat' dir='ltr'><strong>scandoiizut.</strong></span> <span class='ocrx_word' id='word_1_126' title='bbox 964 1954 1105 2042; x_wconf 80' lang='lat' dir='ltr'><strong>Placuit</strong></span> 
     </span>
    </p>
   </div>
   <div class='ocr_carea' id='block_1_3' title="bbox 62 2058 1246 2165">
    <p class='ocr_par' dir='ltr' id='par_1_3' title="bbox 62 2058 1246 2165">
     <span class='ocr_line' id='line_1_18' title="bbox 62 2058 1246 2165; baseline 0.008 -22"><span class='ocrx_word' id='word_1_127' title='bbox 62 2126 89 2165; x_wconf 87' lang='lat'>„</span> <span class='ocrx_word' id='word_1_128' title='bbox 118 2068 268 2149; x_wconf 78' lang='lat' dir='ltr'><strong>auferri,</strong></span> <span class='ocrx_word' id='word_1_129' title='bbox 298 2090 377 2143; x_wconf 91' lang='lat' dir='ltr'><strong>non</strong></span> <span class='ocrx_word' id='word_1_130' title='bbox 405 2080 480 2141; x_wconf 86' lang='lat' dir='ltr'><strong>erat</strong></span> <span class='ocrx_word' id='word_1_131' title='bbox 501 2082 596 2141; x_wconf 76' lang='lat' dir='ltr'><strong>curu</strong></span> <span class='ocrx_word' id='word_1_132' title='bbox 621 2058 796 2163; x_wconf 82' lang='lat' dir='ltr'><strong>episcopis</strong></span> <span class='ocrx_word' id='word_1_133' title='bbox 823 2064 869 2142; x_wconf 87' lang='lat' dir='ltr'><strong>de</strong></span> <span class='ocrx_word' id='word_1_134' title='bbox 898 2069 1101 2165; x_wconf 81' lang='lat' dir='ltr'><strong>vocabulo,</strong></span> <span class='ocrx_word' id='word_1_135' title='bbox 1241 2058 1246 2071; x_wconf 51' lang='lat'>⁵</span> 
     </span>
    </p>
   </div>
   <div class='ocr_carea' id='block_1_4' title="bbox 56 2174 1105 3844">
    <p class='ocr_par' dir='ltr' id='par_1_4' title="bbox 56 2174 1105 3844">
     <span class='ocr_line' id='line_1_19' title="bbox 64 2174 1105 2274; baseline -0.002 -17"><span class='ocrx_word' id='word_1_136' title='bbox 64 2236 89 2274; x_wconf 88' lang='lat'>„</span> <span class='ocrx_word' id='word_1_137' title='bbox 119 2202 204 2257; x_wconf 89' lang='lat' dir='ltr'><strong>curn</strong></span> <span class='ocrx_word' id='word_1_138' title='bbox 232 2176 348 2255; x_wconf 85' lang='lat' dir='ltr'><strong>sensus</strong></span> <span class='ocrx_word' id='word_1_139' title='bbox 374 2174 458 2254; x_wconf 81' lang='lat' dir='ltr'><strong>effet</strong></span> <span class='ocrx_word' id='word_1_140' title='bbox 482 2179 518 2253; x_wconf 88' lang='lat' dir='ltr'><strong>in</strong></span> <span class='ocrx_word' id='word_1_141' title='bbox 547 2175 686 2269; x_wconf 51' lang='lat' dir='ltr'><strong>salvom</strong></span> <span class='ocrx_word' id='word_1_142' title='bbox 746 2174 897 2257; x_wconf 64' lang='lat' dir='ltr'><strong>Detetia</strong></span> <span class='ocrx_word' id='word_1_143' title='bbox 917 2198 1014 2259; x_wconf 82' lang='lat' dir='ltr'><strong>&#39;vero</strong></span> <span class='ocrx_word' id='word_1_144' title='bbox 1047 2184 1105 2261; x_wconf 89' lang='lat' dir='ltr'><strong>ul.</strong></span> 
     </span>
     <span class='ocr_line' id='line_1_20' title="bbox 64 2280 1102 2377; baseline 0.009 -9"><span class='ocrx_word' id='word_1_145' title='bbox 64 2308 126 2369; x_wconf 86' lang='lat' dir='ltr'><strong>tro</strong></span> <span class='ocrx_word' id='word_1_146' title='bbox 164 2294 211 2367; x_wconf 84' lang='lat' dir='ltr'><strong>ub</strong></span> <span class='ocrx_word' id='word_1_147' title='bbox 243 2289 391 2368; x_wconf 80' lang='lat' dir='ltr'><strong>Ursatio</strong></span> <span class='ocrx_word' id='word_1_148' title='bbox 426 2305 463 2366; x_wconf 85' lang='lat' dir='ltr'><strong>et</strong></span> <span class='ocrx_word' id='word_1_149' title='bbox 493 2280 648 2367; x_wconf 84' lang='lat' dir='ltr'><strong>Valente</strong></span> <span class='ocrx_word' id='word_1_150' title='bbox 684 2280 809 2367; x_wconf 84' lang='lat' dir='ltr'><strong>fraude</strong></span> <span class='ocrx_word' id='word_1_151' title='bbox 840 2291 986 2369; x_wconf 84' lang='lat' dir='ltr'><strong>confeffi</strong></span> <span class='ocrx_word' id='word_1_152' title='bbox 1019 2293 1102 2377; x_wconf 86' lang='lat' dir='ltr'><strong>sunt</strong></span> 
     </span>
     <span class='ocr_line' id='line_1_21' title="bbox 66 2398 1099 2507; baseline 0.004 -26"><span class='ocrx_word' id='word_1_153' title='bbox 66 2402 207 2483; x_wconf 79' lang='lat' dir='ltr'><strong>Patres:</strong></span> <span class='ocrx_word' id='word_1_154' title='bbox 229 2398 381 2496; x_wconf 80' lang='lat' dir='ltr'><strong>senihil</strong></span> <span class='ocrx_word' id='word_1_155' title='bbox 402 2400 489 2475; x_wconf 82' lang='lat' dir='ltr'><strong>muli</strong></span> <span class='ocrx_word' id='word_1_156' title='bbox 509 2402 547 2474; x_wconf 84' lang='lat' dir='ltr'><strong>iu</strong></span> <span class='ocrx_word' id='word_1_157' title='bbox 567 2398 628 2491; x_wconf 68' lang='lat' dir='ltr'><strong>forr</strong></span> <span class='ocrx_word' id='word_1_158' title='bbox 643 2399 715 2497; x_wconf 75' lang='lat' dir='ltr'><strong>ficio</strong></span> <span class='ocrx_word' id='word_1_159' title='bbox 730 2399 947 2498; x_wconf 79' lang='lat' dir='ltr'><strong>suspicatos:</strong></span> <span class='ocrx_word' id='word_1_160' title='bbox 978 2404 1099 2507; x_wconf 76' lang='lat' dir='ltr'><strong>sicque</strong></span> 
     </span>
     <span class='ocr_line' id='line_1_22' title="bbox 64 2508 1099 2607; baseline -0.007 -13"><span class='ocrx_word' id='word_1_161' title='bbox 64 2512 341 2594; x_wconf 79' lang='lat' dir='ltr'><strong>Arimineniibur</strong></span> <span class='ocrx_word' id='word_1_162' title='bbox 364 2508 451 2589; x_wconf 86' lang='lat' dir='ltr'><strong>dolis</strong></span> <span class='ocrx_word' id='word_1_163' title='bbox 482 2515 641 2596; x_wconf 80' lang='lat' dir='ltr'><strong>irretiti,</strong></span> <span class='ocrx_word' id='word_1_164' title='bbox 662 2512 738 2606; x_wconf 84' lang='lat' dir='ltr'><strong>fine</strong></span> <span class='ocrx_word' id='word_1_165' title='bbox 761 2511 969 2607; x_wconf 72' lang='lat' dir='ltr'><strong>conicimtr&#39;o</strong></span> <span class='ocrx_word' id='word_1_166' title='bbox 991 2517 1099 2595; x_wconf 85' lang='lat' dir='ltr'><strong>haere.</strong></span> 
     </span>
     <span class='ocr_line' id='line_1_23' title="bbox 63 2618 1096 2723; baseline 0.002 -18"><span class='ocrx_word' id='word_1_167' title='bbox 63 2630 133 2705; x_wconf 80' lang='lat' dir='ltr'><strong>tici</strong></span> <span class='ocrx_word' id='word_1_168' title='bbox 152 2624 384 2721; x_wconf 74' lang='lat' dir='ltr'><strong>ferebantur.</strong></span> <span class='ocrx_word' id='word_1_169' title='bbox 433 2638 473 2701; x_wconf 90' lang='lat' dir='ltr'><strong>ut</strong></span> <span class='ocrx_word' id='word_1_170' title='bbox 502 2618 596 2699; x_wconf 83' lang='lat' dir='ltr'><strong>idem</strong></span> <span class='ocrx_word' id='word_1_171' title='bbox 628 2623 661 2699; x_wconf 88' lang='lat' dir='ltr'><strong>S.</strong></span> <span class='ocrx_word' id='word_1_172' title='bbox 694 2622 941 2723; x_wconf 84' lang='lat' dir='ltr'><strong>Hieronymus</strong></span> <span class='ocrx_word' id='word_1_173' title='bbox 969 2630 1096 2719; x_wconf 82' lang='lat' dir='ltr'><strong>habet.</strong></span> 
     </span>
     <span class='ocr_line' id='line_1_24' title="bbox 63 2732 1099 2839; baseline -0.002 -22"><span class='ocrx_word' id='word_1_174' title='bbox 63 2756 255 2839; x_wconf 79' lang='lat' dir='ltr'><strong>totamque</strong></span> <span class='ocrx_word' id='word_1_175' title='bbox 278 2732 494 2835; x_wconf 75' lang='lat' dir='ltr'><strong>complerus</strong></span> <span class='ocrx_word' id='word_1_176' title='bbox 531 2752 624 2810; x_wconf 88' lang='lat' dir='ltr'><strong>rem:</strong></span> <span class='ocrx_word' id='word_1_177' title='bbox 689 2733 807 2819; x_wconf 85' lang='lat' dir='ltr'><strong>Tunc,</strong></span> <span class='ocrx_word' id='word_1_178' title='bbox 840 2740 979 2835; x_wconf 71' lang='lat' dir='ltr'><strong>inquit.</strong></span> <span class='ocrx_word' id='word_1_179' title='bbox 1014 2738 1099 2825; x_wconf 74' lang='lat' dir='ltr'><strong>Uriae</strong></span> 
     </span>
     <span class='ocr_line' id='line_1_25' title="bbox 64 2838 1098 2941; baseline 0.001 -15"><span class='ocrx_word' id='word_1_180' title='bbox 64 2874 192 2927; x_wconf 87' lang='lat' dir='ltr'><strong>nomen</strong></span> <span class='ocrx_word' id='word_1_181' title='bbox 220 2847 390 2925; x_wconf 80' lang='lat' dir='ltr'><strong>obolitum</strong></span> <span class='ocrx_word' id='word_1_182' title='bbox 421 2838 485 2937; x_wconf 74' lang='lat' dir='ltr'><strong>eli,</strong></span> <span class='ocrx_word' id='word_1_183' title='bbox 516 2854 600 2921; x_wconf 78' lang='lat' dir='ltr'><strong>tunc</strong></span> <span class='ocrx_word' id='word_1_184' title='bbox 628 2843 779 2923; x_wconf 79' lang='lat' dir='ltr'><strong>Nicarrae</strong></span> <span class='ocrx_word' id='word_1_185' title='bbox 798 2844 886 2941; x_wconf 74' lang='lat' dir='ltr'><strong>fidei</strong></span> <span class='ocrx_word' id='word_1_186' title='bbox 915 2842 1098 2927; x_wconf 78' lang='lat' dir='ltr'><strong>damnatio</strong></span> 
     </span>
     <span class='ocr_line' id='line_1_26' title="bbox 64 2952 1100 3056; baseline -0.007 -16"><span class='ocrx_word' id='word_1_187' title='bbox 64 2962 282 3040; x_wconf 79' lang='lat' dir='ltr'><strong>conclamato</strong></span> <span class='ocrx_word' id='word_1_188' title='bbox 315 2960 367 3049; x_wconf 77' lang='lat' dir='ltr'><strong>eli.</strong></span> <span class='ocrx_word' id='word_1_189' title='bbox 439 2952 616 3056; x_wconf 79' lang='lat' dir='ltr'><strong>ingemuit</strong></span> <span class='ocrx_word' id='word_1_190' title='bbox 642 2971 735 3035; x_wconf 75' lang='lat' dir='ltr'><strong>torui</strong></span> <span class='ocrx_word' id='word_1_191' title='bbox 764 2958 886 3045; x_wconf 81' lang='lat' dir='ltr'><strong>orbis.</strong></span> <span class='ocrx_word' id='word_1_192' title='bbox 929 2964 962 3033; x_wconf 75' lang='lat' dir='ltr'><strong>ei</strong></span> <span class='ocrx_word' id='word_1_193' title='bbox 995 2966 1100 3037; x_wconf 73' lang='lat' dir='ltr'><strong>urm.</strong></span> 
     </span>
     <span class='ocr_line' id='line_1_27' title="bbox 61 3066 1102 3174; baseline -0.004 -23"><span class='ocrx_word' id='word_1_194' title='bbox 61 3100 150 3151; x_wconf 87' lang='lat' dir='ltr'><strong>num</strong></span> <span class='ocrx_word' id='word_1_195' title='bbox 175 3072 288 3174; x_wconf 74' lang='lat' dir='ltr'><strong>seeffe</strong></span> <span class='ocrx_word' id='word_1_196' title='bbox 310 3078 461 3149; x_wconf 75' lang='lat' dir='ltr'><strong>miratus</strong></span> <span class='ocrx_word' id='word_1_197' title='bbox 480 3066 533 3159; x_wconf 76' lang='lat' dir='ltr'><strong>eii.</strong></span> <span class='ocrx_word' id='word_1_198' title='bbox 581 3068 734 3159; x_wconf 78' lang='lat' dir='ltr'><strong>Eadem.</strong></span> <span class='ocrx_word' id='word_1_199' title='bbox 765 3088 834 3170; x_wconf 84' lang='lat' dir='ltr'><strong>qua</strong></span> <span class='ocrx_word' id='word_1_200' title='bbox 860 3068 895 3146; x_wconf 91' lang='lat' dir='ltr'><strong>in</strong></span> <span class='ocrx_word' id='word_1_201' title='bbox 917 3068 1102 3153; x_wconf 87' lang='lat' dir='ltr'><strong>Occiden.</strong></span> 
     </span>
     <span class='ocr_line' id='line_1_28' title="bbox 63 3182 1100 3284; baseline -0.004 -20"><span class='ocrx_word' id='word_1_202' title='bbox 63 3204 102 3264; x_wconf 88' lang='lat' dir='ltr'><strong>te</strong></span> <span class='ocrx_word' id='word_1_203' title='bbox 133 3188 284 3263; x_wconf 86' lang='lat' dir='ltr'><strong>Arimini</strong></span> <span class='ocrx_word' id='word_1_204' title='bbox 315 3186 485 3284; x_wconf 79' lang='lat' dir='ltr'><strong>perfidio.</strong></span> <span class='ocrx_word' id='word_1_205' title='bbox 517 3187 553 3260; x_wconf 87' lang='lat' dir='ltr'><strong>iu</strong></span> <span class='ocrx_word' id='word_1_206' title='bbox 589 3182 743 3263; x_wconf 78' lang='lat' dir='ltr'><strong>Oriente</strong></span> <span class='ocrx_word' id='word_1_207' title='bbox 764 3182 931 3261; x_wconf 73' lang='lat' dir='ltr'><strong>seleuciae</strong></span> <span class='ocrx_word' id='word_1_208' title='bbox 954 3190 1100 3267; x_wconf 90' lang='lat' dir='ltr'><strong>incon.</strong></span> 
     </span>
     <span class='ocr_line' id='line_1_29' title="bbox 63 3288 1099 3397; baseline 0.005 -22"><span class='ocrx_word' id='word_1_209' title='bbox 63 3296 234 3375; x_wconf 82' lang='lat' dir='ltr'><strong>ciiinbulo</strong></span> <span class='ocrx_word' id='word_1_210' title='bbox 250 3321 305 3372; x_wconf 89' lang='lat' dir='ltr'><strong>res</strong></span> <span class='ocrx_word' id='word_1_211' title='bbox 320 3298 450 3371; x_wconf 87' lang='lat' dir='ltr'><strong>eodem</strong></span> <span class='ocrx_word' id='word_1_212' title='bbox 467 3308 635 3394; x_wconf 82' lang='lat' dir='ltr'><strong>tempore</strong></span> <span class='ocrx_word' id='word_1_213' title='bbox 661 3296 733 3371; x_wconf 68' lang='lat' dir='ltr'><strong>acio</strong></span> <span class='ocrx_word' id='word_1_214' title='bbox 753 3288 813 3371; x_wconf 74' lang='lat' dir='ltr'><strong>em</strong></span> <span class='ocrx_word' id='word_1_215' title='bbox 874 3290 1099 3397; x_wconf 80' lang='lat' dir='ltr'><strong>Prospicieno</strong></span> 
     </span>
     <span class='ocr_line' id='line_1_30' title="bbox 64 3405 1099 3505; baseline 0.004 -17"><span class='ocrx_word' id='word_1_216' title='bbox 64 3408 266 3488; x_wconf 65' lang='lat' dir='ltr'><strong>sumnus</strong></span> <span class='ocrx_word' id='word_1_217' title='bbox 286 3405 485 3505; x_wconf 82' lang='lat' dir='ltr'><strong>periculum</strong></span> <span class='ocrx_word' id='word_1_218' title='bbox 506 3430 550 3484; x_wconf 84' lang='lat' dir='ltr'><strong>cx</strong></span> <span class='ocrx_word' id='word_1_219' title='bbox 569 3405 797 3484; x_wconf 76' lang='lat' dir='ltr'><strong>Arimineniir</strong></span> <span class='ocrx_word' id='word_1_220' title='bbox 817 3420 853 3484; x_wconf 84' lang='lat' dir='ltr'><strong>et</strong></span> <span class='ocrx_word' id='word_1_221' title='bbox 869 3406 1099 3494; x_wconf 80' lang='lat' dir='ltr'><strong>Seleucieniio</strong></span> 
     </span>
     <span class='ocr_line' id='line_1_31' title="bbox 65 3518 1098 3621; baseline 0.008 -28"><span class='ocrx_word' id='word_1_222' title='bbox 65 3520 375 3621; x_wconf 83' lang='lat' dir='ltr'><strong>pseudo-synodi</strong></span> <span class='ocrx_word' id='word_1_223' title='bbox 406 3518 634 3605; x_wconf 78' lang='lat' dir='ltr'><strong>auctoritate.</strong></span> <span class='ocrx_word' id='word_1_224' title='bbox 665 3536 786 3596; x_wconf 73' lang='lat' dir='ltr'><strong>eorum</strong></span> <span class='ocrx_word' id='word_1_225' title='bbox 817 3519 998 3596; x_wconf 81' lang='lat' dir='ltr'><strong>historiam</strong></span> <span class='ocrx_word' id='word_1_226' title='bbox 1025 3526 1098 3605; x_wconf 85' lang='lat' dir='ltr'><strong>iam</strong></span> 
     </span>
     <span class='ocr_line' id='line_1_32' title="bbox 64 3630 1099 3731; baseline 0.003 -20"><span class='ocrx_word' id='word_1_227' title='bbox 64 3632 176 3730; x_wconf 79' lang='lat' dir='ltr'><strong>Cpoii</strong></span> <span class='ocrx_word' id='word_1_228' title='bbox 198 3630 405 3717; x_wconf 82' lang='lat' dir='ltr'><strong>inchoavit,</strong></span> <span class='ocrx_word' id='word_1_229' title='bbox 438 3630 494 3706; x_wconf 87' lang='lat' dir='ltr'><strong>sed</strong></span> <span class='ocrx_word' id='word_1_230' title='bbox 515 3630 634 3731; x_wconf 80' lang='lat' dir='ltr'><strong>postea</strong></span> <span class='ocrx_word' id='word_1_231' title='bbox 654 3655 737 3709; x_wconf 92' lang='lat' dir='ltr'><strong>cum</strong></span> <span class='ocrx_word' id='word_1_232' title='bbox 757 3654 777 3708; x_wconf 85' lang='lat' dir='ltr'>a</span> <span class='ocrx_word' id='word_1_233' title='bbox 797 3630 999 3710; x_wconf 85' lang='lat' dir='ltr'><strong>Constantii</strong></span> <span class='ocrx_word' id='word_1_234' title='bbox 1021 3637 1099 3713; x_wconf 86' lang='lat' dir='ltr'><strong>edi·</strong></span> 
     </span>
     <span class='ocr_line' id='line_1_33' title="bbox 56 3742 1100 3844; baseline 0.004 -21"><span class='ocrx_word' id='word_1_235' title='bbox 56 3744 155 3831; x_wconf 70' lang='lat' dir='ltr'><strong>¹iiis,</strong></span> <span class='ocrx_word' id='word_1_236' title='bbox 187 3746 319 3830; x_wconf 87' lang='lat' dir='ltr'><strong>minis,</strong></span> <span class='ocrx_word' id='word_1_237' title='bbox 349 3764 392 3818; x_wconf 86' lang='lat' dir='ltr'><strong>ac</strong></span> <span class='ocrx_word' id='word_1_238' title='bbox 416 3742 586 3819; x_wconf 84' lang='lat' dir='ltr'><strong>violentia</strong></span> <span class='ocrx_word' id='word_1_239' title='bbox 610 3743 810 3844; x_wconf 88' lang='lat' dir='ltr'><strong>periculum</strong></span> <span class='ocrx_word' id='word_1_240' title='bbox 837 3745 951 3823; x_wconf 78' lang='lat' dir='ltr'><strong>maine</strong></span> <span class='ocrx_word' id='word_1_241' title='bbox 978 3747 1100 3827; x_wconf 87' lang='lat' dir='ltr'><strong>immi·</strong></span> 
     </span>
    </p>
   </div>
   <div class='ocr_carea' id='block_1_5' title="bbox 108 3854 1042 4040">
    <p class='ocr_par' dir='ltr' id='par_1_5' title="bbox 108 3854 1042 4040">
     <span class='ocr_line' id='line_1_34' title="bbox 539 3854 1042 3953; baseline 0.01 -21"><span class='ocrx_word' id='word_1_242' title='bbox 539 3854 573 3932; x_wconf 91' lang='lat' dir='ltr'>N</span> <span class='ocrx_word' id='word_1_243' title='bbox 608 3876 632 3938; x_wconf 81' lang='lat'><em>2</em></span> <span class='ocrx_word' id='word_1_244' title='bbox 915 3876 1042 3953; x_wconf 77' lang='lat' dir='ltr'><strong>neret.</strong></span> 
     </span>
     <span class='ocr_line' id='line_1_35' title="bbox 108 3956 562 4040; baseline 0.009 -17"><span class='ocrx_word' id='word_1_245' title='bbox 108 3957 279 4040; x_wconf 72' lang='lat' dir='ltr'><strong>o)1)irlop</strong></span> <span class='ocrx_word' id='word_1_246' title='bbox 306 3970 411 4026; x_wconf 75' lang='lat' dir='ltr'><strong>bourn</strong></span> <span class='ocrx_word' id='word_1_247' title='bbox 435 3956 562 4027; x_wconf 78' lang='lat' dir='ltr'><strong>Lucifer.</strong></span> 
     </span>
    </p>
   </div>
   <div class='ocr_carea' id='block_1_6' title="bbox 0 0 1258 4958">
    <p class='ocr_par' dir='ltr' id='par_1_6' title="bbox 0 0 1258 4958">
     <span class='ocr_line' id='line_1_36' title="bbox 0 0 1258 4958; baseline 0 0"><span class='ocrx_word' id='word_1_248' title='bbox 0 0 1258 4958; x_wconf 95' lang='lat' dir='ltr'><strong> </strong></span> 
     </span>
    </p>
   </div>
  </div>
 </body>
</html>
