2506 4958
215 146 225 153 -
278 231 428 312 regnum
448 205 578 302 chrisis
598 162 640 287 in
660 211 773 291 terrie
795 233 823 288 e.
842 208 911 306 air.-
1028 208 1102 304 adr

88 371 203 477 geniis
224 366 385 476 primatie
403 371 620 458 Germaniae.
649 369 833 471 Pragenire
851 374 886 450 in
914 369 1107 464 Bobenia.

88 490 190 568 euius
221 481 395 563 successor
429 485 520 561 card
564 481 726 571 Bathiani
744 483 864 571 ,latiur
892 486 1111 584 exspatiatur

88 599 333 700 receptionem
359 594 464 673 huiiae
481 594 606 672 sesiam
629 594 848 671 demonstrat
868 609 946 672 turn
969 597 1007 673 in
1026 595 1111 674 Gai·

88 709 157 798 iia,
187 710 345 806 exceptis
373 706 586 806 quibusdam
619 704 812 805 episcopis,
843 729 926 783 curn
949 709 985 784 in
1008 707 1114 788 itaiiae

88 822 210 920 regnis
234 840 335 897 extra
358 817 512 896 ditiones
539 815 756 918 pontificias,
794 816 921 895 Sicilie
943 833 979 896 et
997 818 1114 899 Sardi-

89 935 159 1011 rriae
180 930 238 1010 seu
257 928 483 1008 Pedemontii
505 950 544 1004 ae
562 927 819 1027 rebuspubiieie
851 928 1049 1018 Genuenii,
1079 950 1115 1010 et

90 1038 231 1121 Veneta
249 1065 312 1140 per
325 1038 537 1139 patriarchae
553 1054 591 1116 et
604 1041 789 1140 primates,
819 1063 913 1141 quoe
934 1045 1115 1132 nominat,

91 1154 241 1256 perinde
259 1176 301 1229 ac
313 1149 513 1249 Hispaniae,
542 1147 727 1238 Lufitaoiae
748 1169 785 1229 et
802 1150 965 1230 Poioniae
988 1155 1119 1252 printa-

93 1281 169 1357 tes3
213 1261 416 1346 Germania
448 1285 562 1363 porro
591 1258 792 1360 singillatim
818 1263 974 1342 recenset
1000 1262 1119 1361 plures

91 1375 300 1476 episcopos,
329 1372 637 1473 archiepiscopos.
666 1389 703 1451 et
724 1371 901 1453 Elesioree
921 1373 1119 1454 ecclesiasti-

95 1510 171 1565 cos.
229 1487 284 1565 An
307 1508 383 1562 uon
412 1483 560 1584 perinde
579 1483 652 1566 hoc
679 1486 762 1572 esi,
806 1487 888 1564 acii
912 1486 1117 1565 sententiam

92 1594 265 1676 dedissent
280 1599 318 1675 in
338 1593 498 1680 concisio
512 1594 669 1694 generali
682 1597 919 1696 congregatis
932 1597 971 1685 o)
986 1596 1066 1677 lruo
1080 1602 1117 1678 io

567 1703 603 1784 Z
636 1725 654 1797 ς
952 1715 1064 1790 maius
1176 1712 1178 1717 ’

91 1867 128 1943 a)
149 1859 275 1938 L'Egiise
297 1849 438 1937 disperse'o
460 1857 534 1934 iuuit
554 1858 764 1921 eerrainemeot
778 1856 829 1920 de
849 1856 877 1920 sa
894 1877 990 1926 rueme
1014 1862 1120 1926 insulsi·

136 1941 236 2018 bisnei,
271 1941 335 2006 sunt
353 1942 441 2003 verba
459 1941 492 2007 Ο.
515 1941 553 2007 de
568 1939 773 2019 Frankeoberg
794 1943 825 2002 in
843 1940 959 2005 laudm
979 1943 1028 2006 sib.
1053 1945 1071 2008 Ι.
1092 1965 1118 2011 e.

136 2027 167 2090 P.
183 2028 232 2090 iii.
256 2045 285 2103 p.
303 2032 370 2098 29⁶·
395 2043 451 2102 que
464 2021 629 2102 lorsqu'eiie
647 2021 675 2084 se
688 2040 791 2086 trouve
812 2018 979 2090 raisenrbiee
999 2026 1068 2087 daus
1080 2047 1118 2093 uu

136 2108 253 2172 concile
272 2105 407 2186 genera13
430 2104 492 2167 sans
514 2105 574 2167 cesa
598 2104 619 2166 ii
639 2105 839 2179 r‘ensuivroit,
862 2125 919 2183 que
936 2106 1011 2170 iesus
1033 2107 1125 2172 Christ
1213 2103 1219 2107 ¹

127 2211 177 2254 ‘ne
198 2191 312 2254 I’auroit
329 2190 414 2267 point
433 2187 633 2250 suffiiauunent
648 2189 746 2250 nrunie
765 2181 939 2260 d'autotite‚
963 2209 1035 2268 pour
1053 2211 1125 2269 puu-

143 2275 210 2336 toir
223 2276 381 2351 reprimet,
400 2284 431 2333 et
443 2272 620 2335 condamnet
632 2269 674 2332 iet
694 2269 837 2350 hereses,
861 2272 1125 2350 quie’eieveroient

140 2374 243 2425 contre
254 2354 328 2418 eile:
353 2356 473 2433 pirisque
495 2352 536 2415 let
556 2350 718 2430 heretiquer
739 2358 877 2427 (comme
895 2353 932 2416 ile
953 2375 990 2416 en
1012 2373 1064 2418 ont
1078 2351 1125 2421 use'

139 2440 178 2503 de
190 2454 254 2505 tout
274 2441 374 2513 tems)
395 2434 616 2499 chereiieroient
641 2435 776 2508 touioot'r
797 2435 927 2498 aeiuder
942 2436 985 2498 ses
1006 2437 1125 2502 anathe-

141 2542 222 2591 met,
245 2541 279 2583 en
291 2517 440 2596 appeliant
455 2539 491 2579 au
502 2518 581 2590 futur
604 2517 741 2592 concile,
778 2517 883 2594 auquel
906 2518 982 2581 iisse
1004 2521 1125 2584 sournet-

142 2609 251 2667 troient
269 2601 338 2665 ausii
355 2620 434 2679 peu,
457 2600 504 2676 qu’
520 2617 577 2661 aux
589 2592 732 2661 decifioue
755 2598 793 2661 du
814 2598 887 2660 saint
907 2593 1000 2677 sidae,
1023 2623 1057 2665 ce
1069 2625 1127 2680 que

142 2687 340 2763 l'experieoce
361 2681 599 2746 aeonsiautrnent
611 2674 732 2765 prouvd.
746 2680 831 2743 Cette
850 2677 1031 2751 Bussene'taut
1047 2685 1125 2748 done

143 2770 339 2833 evidenrment
368 2784 425 2828 une
441 2763 567 2845 deeisroo
593 2759 726 2824 formello
749 2762 788 2826 de
816 2760 928 2840 i’Egiise
950 2784 987 2830 en
1009 2770 1129 2836 mutiero

145 2850 257 2922 defui,
281 2847 322 2913 ier
336 2847 467 2925 evaques
487 2865 524 2911 ne
537 2838 704 2919 pourroie'ut
720 2864 770 2922 par
784 2862 877 2906 meme
901 2845 988 2908 eeiser
1007 2849 1055 2926 d'y
1080 2851 1131 2912 ad.

146 2933 231 2997 heret
253 2929 357 2995 sanese
371 2929 482 3007 separer
499 2928 540 2996 du
562 2926 636 2990 eires
650 2930 781 3006 supreme
799 2926 838 2988 de
859 2924 990 3006 i’Egiise‚
1013 2950 1131 3007 rornpre

146 3008 249 3079 l’uniti
267 3014 305 3077 de
320 3011 345 3074 ia
362 3014 451 3090 pair,
474 3026 504 3074 et
520 3009 548 3073 se
568 3009 673 3073 rendre
693 3011 921 3087 prevaricateure
943 3011 981 3072 de
1002 3011 1064 3075 seur
1080 3015 1131 3076 de-

148 3099 228 3161 voire
246 3092 429 3160 entrahisrrrt
449 3093 490 3156 ier
508 3095 630 3156 interere
654 3091 697 3154 ier
710 3092 774 3170 plue
793 3096 932 3170 preeieux
955 3094 992 3157 de
1014 3093 1041 3159 ia
1066 3097 1131 3158 resi.

168 3183 238 3254 iou,
266 3193 296 3240 et
311 3176 339 3240 le
361 3177 452 3255 depot
466 3170 544 3240 saere'
554 3174 591 3238 de
602 3174 629 3238 ia
640 3173 691 3241 Fui
704 3176 809 3238 uterne.
852 3173 989 3241 Clemens
1001 3179 1129 3256 archiep.

147 3201 329 3327 irevirensts
350 3259 419 3339 irnp.
444 3257 557 3325 Elector
578 3258 614 3321 ad
640 3259 766 3322 eundem
790 3255 841 3320 ios
862 3259 898 3323 ii.
922 3262 991 3335 imp.
1015 3262 1045 3321 in
1065 3280 1134 3328 ean.

150 3347 217 3410 dero
241 3343 411 3406 sententiam
435 3342 472 3406 sro
494 3342 609 3406 scribit:
642 3339 681 3405 in
701 3339 888 3404 constitution
912 3341 1132 3414 ueteranus

152 3428 192 3493 eii
213 3426 412 3490 evidenrrnent
430 3444 486 3487 une
508 3423 694 3489 constitution
716 3423 899 3500 deputarique
921 3424 961 3488 du
983 3424 1011 3489 S.
1027 3426 1132 3505 siege,

153 3503 289 3586 accepte'e
310 3507 365 3570 soit
384 3503 616 3584 expedientem,
658 3503 711 3568 soit
737 3509 907 3568 teeiterneot
930 3525 981 3585 par
1006 3522 1071 3570 tour
1093 3508 1135 3572 iet

154 3591 286 3668 Eaequea
299 3589 487 3668 eathoiiquee.
530 3588 603 3652 C'esi
617 3606 667 3667 par
687 3581 866 3664 eonse‘quent
882 3608 919 3650 un
942 3591 1136 3667 ingementerr

156 3675 270 3736 dernier
289 3672 398 3746 reson,
422 3689 452 3734 et
473 3669 625 3735 insaiilibIe
646 3669 683 3735 de
698 3669 813 3749 l’Egiise
835 3669 1014 3741 universeiie.
1057 3671 1139 3738 Tuus

157 3755 199 3818 ier
225 3757 338 3821 Ptineee
359 3753 559 3831 catholiquee‚
599 3769 630 3816 et
650 3769 830 3818 notantmeut
852 3751 955 3832 l‘ayeui
978 3754 1017 3816 de
1037 3754 1074 3821 V.
1093 3756 1135 3819 ru.

157 3836 276 3906 charles
289 3835 380 3903 Ἡ...
402 3837 431 3900 se
453 3836 516 3899 sont
537 3837 589 3902 fait
610 3855 650 3903 un
665 3836 767 3900 devoir
790 3836 827 3898 de
847 3835 890 3917 ἡ
913 3835 1087 3913 suomettre,
1109 3853 1140 3899 et

158 3921 197 3982 de
212 3919 239 3981 la
258 3916 369 3998 publier
388 3919 460 3983 dene
480 3919 556 3981 leurs
576 3912 658 3983 dtats.
703 3919 746 3982 En
759 3916 987 3984 effeteonrnrent
1010 3924 1144 3982 auroient

159 4001 197 4067 iit
216 4020 254 4080 pu
266 3999 396 4079 resuser,
416 4001 572 4068 d'adireret'
583 3996 649 4069 dun
662 4004 810 4082 iugeuent
818 4002 968 4068 doctrinas
977 4000 1016 4065 de
1030 3999 1143 4081 i’Egiise
