2506 4958
199 174 205 183 ,
293 235 444 313 regnum
467 211 596 301 curruz·
621 215 662 290 in
679 214 792 290 terris
806 237 833 290 c.
858 212 939 291 XL.
972 224 1002 251 '¹
1087 235 1131 288 rr
1243 252 1248 271 ·

98 379 228 479 gnani,
255 401 365 479 quem
386 378 420 456 S.
435 374 647 473 Ludouicus
661 399 724 454 rex
743 400 819 453 non
833 375 951 452 solum
968 376 1012 452 ad
1031 374 1139 452 fidem

99 489 345 575 catholicam,
395 512 520 565 return
559 494 665 566 etiam
704 489 750 567 ad
770 484 858 599 ‘eius
893 487 1139 565 defensionem
1187 516 1191 523 ·

98 602 238 681 collatis
280 626 363 680 cum
396 601 568 700 pontifice
605 600 775 679 Romano
813 603 936 700 operis
974 601 1138 679 adduxit
1227 647 1231 659 ·

96 712 270 815 Arphonfi
303 715 510 811 Arragoniae
526 716 619 811 regis
641 716 677 789 in
701 713 794 793 hanc
823 737 898 789 rem
921 713 1021 811 leges
1039 713 1137 813 apud

96 824 262 907 Mariana
284 826 479 924 leguntur,
512 828 644 927 quibus
665 826 698 901 se
717 825 861 923 legibus
882 840 919 901 et
935 825 1139 903 canonibus

94 939 293 1025 addndum
327 935 394 1023 eise
418 938 532 1023 dicit,
583 938 754 1014 membris
778 951 900 1013 tamen
923 952 960 1013 et
983 936 1053 1015 viia
1083 940 1140 1012 in-

98 1064 234 1151 tegra,
264 1049 358 1126 exilii
388 1050 513 1125 statuta
545 1072 675 1148 poena,
705 1049 871 1149 adeoque
902 1051 1036 1125 minori
1059 1051 1141 1151 qui·
1196 1064 1199 1068 “

95 1163 214 1248 dem,
244 1185 351 1260 quarn
377 1164 412 1237 in
446 1158 639 1239 Germania
660 1177 695 1237 et
712 1160 828 1238 Gallia
857 1164 1050 1259 autetiam
1082 1184 1141 1239 ve·

96 1289 220 1352 terum
253 1279 513 1372 imperatorum
553 1272 744 1351 constituta
784 1288 885 1361 erat,
932 1272 1138 1351 severitate:¹

97 1410 210 1485 qoam
236 1409 390 1462 unacum
427 1389 546 1486 poenis
571 1389 757 1463 canonicis
786 1386 982 1463 adhibitam
1010 1388 1048 1463 in
1079 1384 1142 1462 de·
1179 1439 1182 1445 ·

97 1488 366 1575 creto'concilii
394 1495 638 1575 Lateranensrs
669 1497 729 1575 iV.
767 1498 931 1598 videmus
962 1497 1143 1598 ptaeienti·

98 1613 170 1688 bus
197 1611 330 1686 ibidem
354 1615 557 1710 principum
584 1613 618 1687 in
636 1612 671 1687 id
696 1609 978 1710 conspirantium
998 1608 1137 1710 legatis.

186 1771 245 1849 Sic
271 1775 377 1848 etiam
415 1775 580 1847 cruciatae
605 1771 673 1847 seu'
693 1770 781 1847 bella
812 1770 931 1856 sacra,
974 1772 1053 1872 qu'ae
1083 1770 1141 1848 suss

99 1886 246 1984 periore
269 1882 388 1958 seculo
412 1880 496 1958 ΧΙΙ.
544 1883 733 1981 utriusque
762 1882 946 1982 potestatis
973 1883 1075 1958 sacrae
1105 1897 1141 1958 et
1214 1914 1217 1918 ³

98 1996 260 2097 profanae
279 2016 388 2092 opera
409 2017 450 2070 ac
476 1997 714 2070 contentione
731 1993 812 2070 sunt
832 1990 1008 2093 suscepta,
1040 1991 1138 2069 secu·

98 2108 139 2184 lo
164 2105 275 2211 Xln„
302 2107 427 2180 contra
449 2105 635 2182 haereticos
660 2108 738 2203 geri
763 2116 960 2202 coeperunt
979 2103 1141 2202 legitima

99 2221 308 2319 principum
334 2220 407 2293 vim
425 2221 459 2292 vi
487 2215 760 2316 repellentium,
789 2219 1005 2317 comprimi
1032 2216 1144 2293 haere·

99 2334 164 2406 tici
196 2332 320 2404 armati
344 2328 379 2403 id
400 2346 574 2427 agerent,
605 2329 708 2430 qnod
738 2333 807 2407 iam
837 2334 872 2406 in
900 2351 1008 2407 conc.
1039 2325 1143 2406 Late·

100 2466 177 2518 ran.
196 2441 254 2518 ΙΙΙ.
285 2439 348 2518 sub
367 2440 574 2518 Alexandro
594 2441 655 2519 lii.
676 2467 752 2520 can.
780 2463 846 2535 27.
877 2443 926 2519 est
949 2456 1140 2528 notatum,

100 2556 166 2650 qui
193 2563 330 2627 tantam
349 2555 388 2626 in
427 2552 633 2639 rhriiiinuor
661 2557 923 2632 immunitatem
952 2563 1141 2640 exercent,

101 2678 144 2741 ut
168 2688 229 2740 nec
256 2661 422 2756 eoelestis,
453 2688 515 2740 nec
533 2662 748 2750 nraualieu'is
783 2662 963 2763 deferant:
994 2687 1065 2741 non
1085 2666 1145 2740 vi-

105 2776 185 2853 duis
210 2790 242 2853 et
260 2775 422 2873 pupillis,
454 2799 515 2852 uec
536 2774 680 2869 senibus
696 2788 729 2850 et
749 2780 895 2872 pueris,
924 2799 986 2853 nec
1002 2772 1146 2853 cuilibet

101 2899 255 2989 parcunt
284 2891 406 2973 utari,
453 2899 515 2963 mu
532 2887 670 2985 sexui3
711 2885 777 2988 sed
808 2910 905 2966 more
918 2903 1151 2985 paganorum

106 3004 225 3080 omnio
242 3000 421 3099 perdant,
451 3014 484 3076 et
509 2996 652 3088 aulient.
711 2999 836 3078 Utitur
861 3003 968 3077 etiam
1000 3000 1036 3076 id
1056 3022 1147 3085 con·

106 3115 231 3192 cilium
253 3114 297 3188 ad
323 3112 561 3189 excusandam
585 3113 831 3215 tuendamque
859 3112 1080 3190 severitatem
1108 3110 1148 3189 S.

104 3225 242 3304 Leonis
264 3224 300 3304 Ρ.
328 3226 536 3302 audioritate
563 3223 609 3302 de
641 3248 753 3326 poena
784 3228 911 3302 mortis
941 3222 1147 3302 aMaximo

106 3343 194 3436 imp.
217 3336 429 3415 priscilliano
454 3338 624 3414 baeretico
657 3336 803 3430 inflida3
844 3340 965 3413 mitius
994 3359 1083 3412 vero
1111 3335 1147 3414 S.

107 3449 290 3529 Martinus
316 3448 457 3526 Toron.
492 3451 670 3525 iudicavit.
730 3449 827 3527 Sicut
856 3452 909 3524 ait
944 3447 1029 3535 Lao,
1062 3447 1145 3525 sunt

108 3565 217 3638 verba
241 3562 411 3649 concilii,
442 3560 523 3636 lieet
544 3557 758 3651 ecclrfinliica
783 3558 967 3656 disciplina
984 3561 1149 3658 sacerdo.

110 3672 179 3750 tuli
209 3685 370 3749 corneum
404 3675 560 3760 iudicio,
604 3684 768 3750 cruentas
793 3696 862 3748 non
889 3670 1011 3766 efficiat
1043 3671 1148 3750 uitio·

110 3809 170 3861 uu
182 3809 195 3875 3
238 3779 488 3861 catholicorum
524 3797 642 3861 tumen
672 3788 877 3883 principum
895 3782 1148 3875 corrfiitutiuui-

111 3895 176 3974 bus
195 3897 420 3987 adiuvatur,
462 3908 503 3972 ut
516 3896 607 3994 sape
628 3909 787 3994 querunt
810 3896 967 3977 homines
984 3896 1148 4011 salutare

981 4032 1094 4086 reme·
1229 4084 1233 4091 .
