2506 4958
88 222 1040 284 m

204 473 836 649 PRAEFATm.
906 446 909 453 ’

88 805 93 862 ι

88 892 355 1020 [lariuiffimam
394 896 598 983 Civitatem
628 898 735 997 Dei,
773 894 861 1007 five
889 901 932 985 in
960 900 1040 989 bec·-

127 1026 331 1121 temporum
356 1008 495 1108 cursu,
534 1037 618 1096 cum
646 1013 748 1095 inter
773 1014 903 1125 impios
918 1014 1028 1208 peri.

88 1139 180 1204 'atur
205 1148 253 1203 ex
272 1119 352 1225 fide
371 1121 542 1216 vivens,
560 1118 647 1228 five
670 1124 712 1205 in
736 1124 803 1207 illa
818 1120 919 1229 stabi
931 1128 1025 1207 itate

88 1264 96 1279 ·
119 1248 288 1327 eterne,
324 1255 437 1344 quam
458 1258 561 1317 rrunc
584 1230 767 1345 exspectat
789 1253 858 1345 per
876 1237 1026 1347 patien-

88 1374 111 1439 ι,
141 1342 270 1454 quoad
288 1370 406 1456 arque
428 1340 569 1449 iustitia
591 1364 840 1431 convertatur
861 1346 903 1428 in
920 1344 1034 1429 iada·

88 1484 127 1545 ι,
162 1454 328 1565 deinceps
353 1453 536 1566 adeptura
649 1457 934 1555 excellentiam,
959 1458 1025 1543 vi.

88 1551 121 1649 ft
144 1551 282 1649 ultimi
308 1586 347 1649 et
365 1588 459 1678 pace
470 1474 665 1762 papiria,
693 1594 816 1680 quam
836 1566 953 1653 nobis
979 1568 1023 1657 S.

88 1680 250 1789 gustinus
277 1677 377 1790 (his
397 1706 470 1762 ver
500 1681 531 1763 is
552 1677 812 1793 auspicatus)
842 1679 898 1765 ob
920 1702 1026 1767 ocu-t

88 1791 203 1902 ponit
234 1790 275 1872 in
308 1787 548 1903 praecellenti
576 1817 702 1902 opere
728 1790 780 1876 de
812 1792 1031 1878 Crvrrrrr‘

90 1967 98 1991 .
129 1903 391 2011 animumque
413 1900 513 1985 mihi
534 1901 699 1997 adiecit,
726 1899 938 1987 differendi
967 1902 1020 1985 de

88 2011 167 2096 esra
185 2010 375 2097 militante
396 2038 525 2123 regno
545 2012 694 2097 Christi
711 2013 753 2094 in
770 2014 898 2097 terris.
952 2012 1023 2099 Est

108 2149 283 2234 regnum
313 2120 412 2207 illud
445 2123 762 2218 theocraticum,
806 2148 852 2209 ac
885 2124 1023 2208 civitas

88 2294 96 2329 ,
127 2262 250 2346 quam
279 2234 348 2319 fibi
373 2238 414 2317 in
436 2234 518 2345 ipiir
540 2232 682 2319 mundi
704 2237 905 2320 creatione
923 2262 1021 2319 con.

90 2349 119 2428 it
145 2350 188 2429 in
215 2373 362 2458 genere
391 2345 595 2443 humano,
615 2372 788 2460 regnum
807 2349 1018 2461 unigenito

88 2488 96 2538 r
130 2457 204 2541 suo
231 2457 281 2542 ad
307 2457 477 2568 gloriam
504 2462 641 2554 ivam,
668 2484 805 2542 rerum
832 2463 1019 2545 omnium

88 2571 316 2653 nunicvm.
346 2569 563 2681 preparata
583 2571 720 2655 civitas
745 2568 808 2653 illa
838 2574 879 2655 in
904 2599 1021 2684 para-

88 2712 118 2776 »,
162 2679 337 2793 indeque
363 2679 529 2765 detrusis
560 2681 916 2793 protoparentibus
947 2710 1019 2767 no·

96 2851 109 2886 ,
153 2794 192 2874 in
222 2818 276 2903 po
309 2790 377 2876 ulo
401 2793 476 2877 Dei
506 2819 726 2905 propagata
749 2790 829 2876 fuit
856 2818 897 2878 et
920 2821 1020 2878 con·

88 2931 142 2988 tta
173 2929 244 3011 per
273 2819 392 2986 idem
418 2907 459 2987 in
486 2903 732 2988 salvatorem
757 2907 916 3015 generis
943 2903 1021 2990 hu·

88 3020 96 3096 i
132 3014 359 3109 Christum,
388 3013 624 3124 promissum
644 3015 824 3099 Meffiam
847 3042 898 3101 ex
918 3044 1014 3128 gen·

88 3124 281 3222 'raeiirica‚
308 3125 463 3210 firmato
484 3129 525 3208 in
546 3155 590 3212 ea
608 3130 767 3211 natione
784 3154 914 3240 regno
934 3133 1023 3210 iux.

88 3235 315 3346 rophetiarn
342 3235 573 3349 patriarchae
605 3238 721 3323 iacob
744 3240 849 3325 Gen.
873 3238 1022 3325 Xer.

95 3350 195 3431 Nan
214 3346 410 3461 auferetur
425 3347 612 3460 sceptrum
634 3348 681 3433 de
700 3349 798 3438 Iuda
816 3368 855 3433 et
876 3348 957 3437 dux
973 3349 1021 3432 de

88 3488 129 3543 re
150 3462 257 3555 eiur,
285 3458 400 3547 doner
421 3464 578 3557 veniat,
622 3465 690 3574 qui
720 3459 927 3544 mittendus
950 3458 1019 3565 est,

88 3570 220 3667 sterit
242 3568 461 3681 exspectatio
480 3572 677 3678 gentium:
705 3570 754 3656 ad
780 3599 879 3685 quas
900 3576 1019 3657 nimi-

108 3682 218 3766 'mifit
246 3682 427 3767 Christus
450 3681 649 3795 apostolos
677 3683 768 3767 suos
794 3687 835 3769 in
857 3687 1021 3769 univer-

121 3792 324 3877 mundum
356 3794 405 3878 ad
436 3792 733 3904 predicandum
767 3795 1023 3907 evangelium
1141 3834 1144 3839 ·

88 3910 106 3989 ri
126 3931 342 4003 creaturae,
370 3909 488 3993 unice
507 3904 556 3990 ad
573 3904 742 4020 gloriam
759 3906 868 3993 suam
885 3906 1025 3991 condi-

455 4026 492 4077 ·*
522 4047 544 4129 3
896 4044 969 4116 tae,
