2512 4620
223 259 377 339 regnum
396 232 528 333 christi
543 239 585 349 ia
603 237 724 318 terris.
744 257 774 317 a
791 231 929 317 XLVI.
1021 259 1099 338 ¹95

56 401 321 493 Protestantes,
350 403 389 479 in
414 424 486 503 qua
508 423 576 480 eos
597 422 645 479 er
669 398 835 488 damnis,
864 422 945 501 quae
967 395 1099 502 angra
1196 386 1201 394 ’

40 512 215 617 ‘perpetia
237 514 308 603 est,
339 514 442 616 quod
465 536 589 612 regem
605 525 716 613 caput
741 508 901 591 Ecclehae
923 514 1100 594 constitu·

56 630 145 716 erit,
172 640 300 706 cautos
318 625 468 703 reddere
488 623 625 713 studet,
653 622 793 702 ordinis
818 621 1028 702 hierarchici
1044 627 1099 704 iu·

55 763 96 817 ra
128 753 167 817 et
200 736 412 838 potestatem
447 757 617 814 revocare
647 736 907 830 contendem3
962 787 986 828 „
1012 733 1097 817 Plus

55 907 79 946 ,‚
108 873 216 950 aequo
232 848 400 949 hadienur
421 847 574 943 (scribit
596 843 637 936 u)
658 847 739 948 post
753 844 849 936 alia)
871 848 1098 948 principibus

55 1017 80 1055 „
110 960 342 1049 induifimus,
385 962 583 1061 iniquiores
608 973 730 1040 autem
756 959 920 1060 plerique
937 957 1098 1052 fuimus,

55 1127 80 1166 ,‚
108 1074 172 1173 qui
195 1071 334 1152 causam
355 1069 625 1150 reformationis
641 1066 785 1174 professi
804 1070 936 1151 sumus.
993 1068 1101 1154 Dum

57 1239 81 1279 ,‚
111 1183 243 1265 scilicet
264 1186 309 1261 ab
342 1180 580 1263 eccleliasticir
606 1183 886 1273 metuebamus,
918 1184 1100 1285 principes

56 1351 81 1390 „
110 1310 229 1374 antem
256 1297 440 1398 propitios
461 1294 678 1386 habuimus,
708 1317 785 1374 noo
809 1293 889 1374 satis
912 1295 1100 1397 prospexi.

55 1460 80 1503 ‚,
110 1431 190 1487 mus
207 1405 368 1486 Eccledae
381 1406 654 1496 conservandae,
672 1431 758 1488 cum
781 1408 964 1510 principes
988 1405 1102 1489 effent

56 1573 81 1615 ,‚
109 1543 129 1597 a
154 1520 264 1598 nobis
290 1519 516 1600 infuturum
542 1518 730 1599 alienorer.
788 1518 831 1599 ld
854 1535 953 1600 certe
974 1519 1103 1600 conie-

56 1686 81 1727 „
109 1635 185 1710 cuti
215 1631 337 1710 sumus
367 1634 477 1709 nimia
508 1629 569 1707 illa
598 1631 685 1709 cleri
714 1630 976 1721 infestatione,
1021 1655 1103 1735 qua

56 1796 83 1839 ‚,
111 1763 191 1822 rum
220 1741 406 1822 necessaria
436 1740 606 1842 utilisque
629 1739 847 1829 ridebatur,
875 1757 918 1822 ut
945 1759 983 1822 et
1003 1746 1111 1823 iustis.

57 1909 83 1951 ,‚
112 1857 249 1934 iuribus
271 1854 410 1932 clerum
434 1853 661 1940 exuerimus,
690 1868 728 1930 et
750 1851 859 1931 laicos
876 1854 1011 1954 ubique
1028 1857 1103 1934 cle·

56 2024 81 2063 „
108 1990 151 2047 ro
175 1964 332 2043 infensos
352 1962 639 2053 reddiderimus,
667 1966 882 2065 minusque.
909 1987 1017 2066 quarn
1037 1988 1102 2067 par

56 2133 82 2173 ,‚
111 2091 208 2166 erat,
235 2075 318 2155 sacri
335 2075 474 2155 ordinis
490 2089 704 2154 reuerentes.
734 2071 819 2156 Erat
834 2075 981 2177 quidem
1000 2081 1103 2180 prin·

54 2243 80 2285 „
110 2189 251 2289 cipibus
268 2186 459 2288 gratissima
487 2186 674 2290 potestatis
697 2185 847 2267 accessio
868 2211 919 2266 ex
949 2187 1102 2269 illorum

56 2359 82 2396 ,‚
111 2301 254 2403 spoliis,
293 2323 314 2378 a
339 2302 472 2403 quibus
489 2297 552 2403 ipii
580 2298 672 2378 oiim
694 2298 837 2380 fuiffent
852 2299 1017 2403 spoliati,
1039 2299 1101 2382 sed

55 2469 81 2509 „
109 2413 226 2492 media
254 2415 376 2514 potius
399 2415 456 2490 ria
479 2412 635 2491 tenenda
657 2427 754 2502 erat,
784 2427 827 2492 ut
850 2415 938 2491 dum
963 2413 1101 2503 cassari,

57 2580 82 2619 ‚,
111 2548 191 2626 quae
216 2523 276 2603 sua
296 2539 418 2614 erant,
446 2521 704 2612 afferebamus,
735 2547 782 2601 ne
807 2528 953 2601 interim
972 2525 1099 2607 Deum

58 2691 83 2732 „
112 2635 256 2736 Deique
277 2639 428 2714 vicarios
451 2635 520 2712 suis
539 2636 675 2713 iuribus
699 2634 961 2719 fraudaremur.
1019 2638 1104 2717 Neo

55 2803 81 2842 „
112 2746 302 2833 sensimus,
333 2747 423 2826 dum
442 2743 544 2822 firma
558 2741 648 2823 -effet
668 2747 763 2822 inter
786 2748 967 2847 principes
990 2764 1102 2850 atque

55 2915 80 2956 ,‚
110 2855 362 2937 ecclesiasticos
378 2857 594 2944 concordia,
613 2855 741 2947 harum
758 2854 1027 2937 concessionum
1045 2863 1101 2935 in·

55 3028 81 3066 ,‚
110 2969 320 3050 commoda.
378 2967 480 3047 Dum
506 2968 602 3046 idem
625 2972 769 3070 utrique
793 2970 991 3057 solebant,
1024 2993 1103 3048 me·

56 3140 81 3177 ,‚
109 3100 168 3162 tus
196 3099 271 3179 erat
303 3077 445 3170 nuilus,
491 3083 572 3160 fore
598 3078 819 3183 aliquando,
865 3095 908 3161 ut
942 3085 1102 3162 invicem

55 3251 81 3289 ,‚
109 3196 437 3274 committerentur.
495 3193 618 3272 Securi
634 3216 726 3293 ergo
746 3192 972 3291 decefforum
1000 3217 1105 3272 erro·

58 3362 84 3401 ‚‚
113 3331 168 3384 res
199 3307 336 3385 iuribus
368 3302 440 3383 suis
461 3303 633 3396 adversos
664 3298 837 3384 fovebant
868 3307 1103 3388 ecclesiastici.

59 3472 86 3513 „
114 3417 204 3494 Inde
225 3415 455 3495 audentiores
478 3416 558 3495 faui
577 3415 658 3494 laici
679 3418 962 3517 malignitatem,
992 3441 1104 3521 quam

59 3584 85 3625 „
114 3531 151 3605 in
169 3528 419 3608 ecciefiasticos
437 3544 703 3630 conceperant,
734 3532 888 3608 securius
908 3534 977 3608 iam
995 3548 1109 3634 atque

59 3697 86 3738 „
115 3641 284 3719 fidentius
303 3641 541 3731 exercebant,
566 3638 646 3739 iphs
664 3639 923 3731 ecclefiasticir‚
949 3658 990 3722 ut
1008 3645 1106 3721 vide·

60 3807 86 3851 „
115 3755 246 3843 batur,
275 3750 505 3843 tucioribus,
550 3768 588 3831 et
614 3755 823 3843 ruinarum,
862 3777 942 3858 qua
964 3779 984 3833 a
1008 3754 1106 3834 laicis

495 3881 534 3961 N
564 3902 588 3960 a
732 3939 756 3978 „
784 3886 1043 3978 imminebant,

104 4041 141 4121 a)
162 4033 272 4104 uun.
291 4033 330 4107 de
344 4052 459 4120 nupero
481 4034 641 4106 schismate
660 4035 745 4122 dori
760 4059 789 4108 u.
804 4058 852 4122 ςι.
874 4061 906 4127 p.
922 4056 981 4121 aas
