2506 4958
221 244 374 326 ragnum
394 217 524 313 dirisi
540 224 582 307 ia
595 166 718 308 tertis.-
731 244 760 308 r.
776 219 922 311 xalta
1037 241 1092 326 75

54 397 120 467 net
141 381 181 476 o)
201 408 280 470 nou
302 383 419 470 solum
440 385 532 472 nihil
555 389 593 465 in
617 387 853 487 dogmatibus
874 385 1097 470 orthodoxa

54 499 138 578 fidei
172 503 273 599 (pro
302 522 374 600 qua
404 499 478 600 ipse
514 515 641 581 contra
674 497 879 584 Lutherum
914 501 1095 582 calamum

57 613 235 711 stringens
264 636 284 693 a
309 611 474 697 Romana
500 608 581 694 sede
603 614 748 694 axioma
774 612 988 719 protesioris
1012 611 1097 692 fidei

56 721 309 812 commeruit)
334 722 397 804 srbi
424 724 693 808 immutandum
719 725 847 813 duxit,
894 747 1020 807 uerum
1056 747 1098 821 ea

55 858 208 938 quoque
227 835 372 938 legibus
395 834 575 930 firmauit,
601 838 710 918 etiam
733 837 979 935 sanguinariis.
1011 834 1099 921 Bre-

56 951 197 1024 viante
222 967 381 1031 mortem
402 951 588 1049 poenitens
604 947 702 1037 fatri,
731 951 835 1052 quod
854 946 1097 1049 promiscuam
1147 970 1159 996 ·

56 1062 94 1136 in
125 1060 249 1159 lingua
278 1059 417 1165 uulgari
444 1060 482 1147 S,
501 1059 695 1165 Scriptura
728 1061 920 1142 lectionem
944 1059 1067 1141 induis
1081 1105 1100 1124 -
1233 1076 1236 1082 ·

57 1174 127 1258 rit,
157 1194 243 1256 cunr
260 1176 330 1253 iam
355 1170 447 1249 mala
469 1171 555 1252 inde-
573 1189 723 1259 exorta,
754 1186 796 1256 ut
816 1188 905 1255 tunc
926 1175 963 1248 in
984 1171 1121 1279 plerm¹
1164 1244 1170 1264 ,

56 1280 274 1365 Parlamenti
290 1280 453 1369 consessu
475 1283 593 1368 suerat
612 1282 816 1378 consessus,
844 1280 1099 1385 perspexisset,

57 1392 163 1472 falsus
181 1395 320 1501 palam,
339 1419 529 1498 uunquam
544 1395 736 1495 elanguisse
755 1399 870 1496 magis
889 1396 1099 1477 charitatem

58 1529 280 1614 morumque
295 1507 536 1602 sanititatem,
554 1524 596 1592 ut
611 1508 707 1614 apud
722 1509 923 1594 sanderum
939 1509 984 1585 de
998 1506 1104 1586 schil-

59 1636 156 1695 mate
181 1619 385 1717 Anglicano
406 1620 529 1718 legero
550 1621 629 1720 estg.
653 1619 868 1720 doluitque,
897 1621 1001 1720 quod
1027 1636 1101 1696 ram

58 1751 190 1832 parurn
208 1732 443 1814 decretorum
458 1731 605 1813 suorum
630 1735 722 1811 ratio
736 1732 857 1813 habita
878 1733 1010 1823 fuerit„
1026 1733 1104 1807 edi·

59 1845 106 1920 tis
135 1857 209 1923 tarn
238 1843 369 1923 seueris
398 1864 468 1942 pro
504 1840 574 1922 fide
603 1841 815 1922 orthodoxa
847 1842 999 1938 legibus.
1056 1842 1104 1919 At

60 1976 172 2039 vero,
212 1977 292 2059 qua
326 1952 424 2052 apud
460 1951 555 2036 And,
589 1949 784 2037 Duchesne
814 1947 854 2047 b)
897 1950 1104 2034 authentica
1228 1959 1230 1964 ’

60 2063 238 2162 leguntur
255 2065 501 2151 documenta.
532 2063 694 2168 produnt
713 2060 878 2149 Heinrici
896 2061 1103 2162 hypocrisin

61 2178 103 2252 iu
128 2177 192 2262 iis,
222 2199 303 2284 quae
333 2199 416 2253 cum
438 2173 721 2260 protestantibus
751 2174 957 2259 Germaniae
984 2175 1107 2258 atiita.

60 2290 135 2374 vit,
166 2291 231 2387 qui
255 2311 340 2370 eum
359 2289 604 2388 protectorem
631 2311 672 2364 ac
692 2286 825 2369 ducem
851 2287 1102 2395 expediebant.

62 2424 102 2478 ea
134 2401 228 2474 inter
261 2400 341 2477 alias
371 2402 538 2499 primaria
564 2400 800 2491 conditione,
844 2415 886 2477 ut
917 2398 1103 2503 publicam

62 2510 229 2588 redderet
260 2513 298 2586 in
329 2535 448 2609 regno
481 2511 553 2590 suo
590 2510 792 2596 doctrinam
826 2510 1102 2609 euangelicam.

61 2637 105 2699 ut
133 2621 197 2721 ipsr
220 2624 450 2712 diditabant,
497 2626 534 2699 in
562 2621 784 2703 consesfione
811 2622 1014 2721 Augustana
1041 2644 1102 2699 ex.

63 2733 243 2835 pofitam²
270 2731 303 2827 c)
323 2758 431 2833 quam
451 2733 509 2814 ille¹
529 2731 575 2818 stc
599 2736 799 2839 acceptavit
823 2735 1104 2822 conditionem,

63 2860 207 2923 tantum
243 2861 284 2922 ut
309 2860 446 2944 peteret
469 2845 638 2928 clausulas
664 2843 861 2928 nonnullas
885 2849 1034 2932 mutari,
1064 2866 1108 2923 ac

66 2959 256 3059 quadam,
283 2974 470 3039 conventu
499 2955 727 3057 consilioque·
750 2972 882 3044 mutuo.
909 2958 1109 3039 detiorum
1212 3048 1217 3056 ,

66 3071 192 3148 habito
217 3070 376 3166 mitigari
400 3071 436 3148 in
455 3070 515 3148 illa
531 3069 779 3156 confessione,
811 3070 957 3169 eiusque
977 3067 1112 3169 apoto.-

66 3179 192 3283 gia.d)
219 3180 262 3265 Et
280 3180 363 3264 licet
379 3181 557 3270 studium,
588 3182 812 3261 conciliandi
836 3181 895 3260 srbi
915 3187 1111 3281 imperato·

66 3319 175 3382 rem,
203 3320 221 3369 a
248 3292 506 3393 subscriptione
535 3294 626 3380 illius
642 3289 921 3379 consociationis
939 3294 1109 3371 absterre-

70 3422 126 3481 ret
156 3429 309 3503 regem‚
354 3405 443 3490 iecit,
474 3424 597 3485 tamen
629 3408 724 3484 islam
754 3406 1000 3484 Cromwellus
1030 3406 1109 3482 eius

70 3521 237 3594 nomine.
293 3515 487 3597 Proximus
509 3519 677 3618 equidem
697 3520 811 3611 morti
833 3541 888 3594 an.
913 3538 1028 3610 1547.
1055 3539 1111 3594 res

71 3629 170 3708 stitui
205 3627 385 3713 ecclefiam
409 3629 762 3727 Franciscauorum„
805 3654 903 3733 quos,
932 3632 1108 3718 eiecerat.

113 3848 149 3919 a)
170 3845 238 3908 Vid.
262 3843 379 3911 Bossuet
400 3842 465 3907 hist.
489 3847 528 3912 de
551 3846 655 3917 variam
674 3845 726 3912 lib.
749 3844 817 3913 llll«
951 3738 1051 3821 [οη.

114 3933 149 4004 b)
171 3931 242 3992 llist.
262 3928 463 4006 d’lngleterre
486 3934 541 3994 dic.
562 3930 591 3994 P.
608 3930 644 3993 ll.
668 3930 719 4002 lib.
741 3930 814 3994 XX
827 3949 857 4010 p.
875 3939 922 4009 58.
945 3928 1021 4010 seqq.

113 4019 145 4094 r)
168 4013 241 4078 lbid.
265 4031 294 4092 p.
320 4020 360 4082 ⁶0,
421 4015 463 4098 d),
479 4013 553 4081 laid
576 4032 606 4100 p.
623 4021 675 4100 67,
900 4030 902 4035 ’
