2506 4958
213 239 372 319 regnum
393 211 531 312 curisti-⁴
548 220 594 300 in-
614 220 735 301 terris.
755 241 785 300 e.
809 210 953 301 xlm.
1040 241 1094 318 7r
1182 240 1185 247 ’

56 405 124 484 que
146 380 362 479 oeiiigolio.
416 404 526 480 neque
553 379 692 464 tributu
721 384 946 482 exiguntur.
986 405 1098 481 neque

59 497 134 576 ulio
152 519 261 576 onero
283 496 352 575 iiis
366 498 614 593 r‘rupuurmrurt
666 491 713 576 Et
728 496 1003 575 duodecimam:
1024 495 1099 575 Ex·

59 621 156 709 cepto
167 608 310 706 summo
329 606 528 704 nerefflrotis
557 605 637 705 cusu
659 609 843 706 nequidem.
871 608 1014 689 comnis
1032 631 1098 687 ex-

56 723 317 802 erooruinoriis
354 719 475 801 clerici
502 731 538 800 et
573 717 669 798 bonu
701 719 847 814 Ecclniae
868 733 1092 818 gravantur.

56 834 140 916 Nec
159 833 301 913 silentio
328 836 507 934 preterit,
539 831 648 935 quod
664 831 794 914 christ.
822 831 1038 917 Thomaiius
1056 839 1097 916 in

58 946 304 1027 differtatioue
331 943 617 1044 elegantium,
664 959 711 1028 ut.
733 959 841 1026 vocat
861 943 902 1036 u)
925 947 966 1023 de
990 944 1097 1046 officio

55 1060 234 1159 principis
256 1057 453 1156 evangelici
478 1060 574 1137 circu
596 1057 757 1157 augendo
768 1053 911 1156 sertorio
932 1069 967 1136 et
985 1059 1097 1137 hono-

58 1196 115 1251 res
134 1166 378 1259 ministrorum
399 1167 545 1264 Errlefiae
564 1167 703 1266 efferim,
728 1227 754 1265 „
772 1170 895 1272 Quod
914 1173 1099 1277 principes

59 1283 306 1382 „evangelici
342 1307 548 1387 eorumque
577 1283 730 1362 ministri
754 1285 795 1365 in
828 1287 953 1385 primis
989 1289 1100 1365 etiam

58 1452 82 1493 ,‚
109 1396 379 1475 reformationis
400 1399 512 1474 initiis
542 1418 623 1475 nou
642 1396 779 1500 ubique
807 1398 904 1499 pium
925 1399 1100 1475 intentio-

62 1565 85 1605 „
114 1532 198 1588 uem
221 1508 512 1590 reformatorum.
539 1508 617 1613 pari
647 1509 852 1588 intentione
883 1508 1103 1590 secundave-

59 1677 83 1723 „
112 1624 223 1708 rint‚·
256 1620 379 1698 sedin
409 1644 529 1720 opere·
551 1619 822 1700 reformationis
847 1622 1102 1705 emolumento¹

60 1732 329 1835 „temporalia
374 1736 492 1828 magis
529 1731 784 1829 respexerint,
848 1734 908 1812 vel
951 1757 1000 1812 ex
1042 1747 1104 1812 tot

59 1845 267 1945 „querelis
302 1843 348 1920 de
394 1846 505 1919 bouis
554 1839 831 1930 ecclefiasticis,
881 1856 922 1922 et
963 1844 1102 1925 horum

60 2014 85 2054 ,‚
114 1954 405 2036 seculariiatiouis
449 1951 559 2033 abusu
605 1954 836 2058 perspicuum
862 1951 933 2034 effe
972 1957 1102 2056 potest.

60 2126 85 2165 „
113 2067 210 2151 Hinc
226 2066 380 2151 uuum,
411 2083 452 2144 ut
470 2065 609 2166 politici
633 2067 711 2144 iura
725 2068 934 2171 principum
950 2068 990 2143 in
1014 2088 1105 2167 pru·

61 2239 87 2278 a
116 2179 290 2260 iudicium
317 2177 402 2257 cleri
426 2179 535 2257 nimir
560 2176 785 2267 extulerint.
821 2194 862 2260 et
890 2203 1103 2281 nunquam.

60 2351 86 2392 aa
115 2292 171 2371 vel
212 2304 309 2373 certe
345 2289 520 2370 tarifflme·
544 2289 590 2370 de
621 2287 750 2371 officio
778 2290 987 2396 principum
1017 2313 1105 2391 erge

61 2451 87 2498 „
117 2404 297 2483 ministros
314 2399 476 2485 Ecclefiae
493 2403 718 2483 trastuueriut
735 2459 769 2497 η.
827 2402 964 2492 Notat,
986 2403 1103 2505 ipsum

63 2514 269 2601 Lutherum
293 2511 490 2616 deplorasse
508 2514 607 2598 hunc
629 2514 811 2602 abusum,
842 2531 884 2595 ut
906 2529 944 2594 et
967 2514 1012 2594 de
1027 2514 1105 2594 aliis

63 2629 228 2717 constat,
259 2631 321 2728 qui
357 2649 490 2722 nempe
520 2623 712 2708 Ecclefiam
728 2625 887 2706 fruGum
916 2631 1106 2708 bonorum

48 2741 210 2823 ‘illorum
238 2762 315 2815 non
349 2733 506 2815 retulisse
540 2738 804 2839 aprincipihus
837 2737 927 2825 iilis,
977 2739 1129 2835 dolue·¹
1217 2804 1221 2809 .

65 2866 178 2939 runt,
217 2850 350 2952 quibus
373 2847 537 2928 auuores
564 2848 613 2928 ad
638 2847 838 2948 diripiendo
863 2849 1104 2940 monasteria.

66 2966 206 3066 aliaque
250 2963 346 3039 bona
381 2957 607 3041 eeclesiastico
649 2960 808 3041 fuerunt„
867 2958 981 3039 Paulo
1022 2976 1109 3041 ante

68 3077 234 3156 laudatus
276 3070 389 3154 Heur.
421 3069 641 3155 Doduellus
668 3069 712 3165 b)
741 3075 780 3148 in
816 3072 984 3174 paraeneii
1011 3072 1112 3152 houd

67 3185 266 3273 diffitetur,
288 3198 461 3285 quantam
485 3182 549 3261 fibi
576 3183 1006 3265 contumeliumfecerint
1035 3187 1110 3287 pri-

68 3305 120 3379 mi
135 3301 249 3378 statim
269 3311 482 3386 novatores,
510 3299 795 3398 necquicquam
820 3295 1013 3399 habentes.
1037 3321 1109 3376 un-

68 3415 115 3488 de
152 3412 278 3491 fauam
315 3408 483 3489 iaiiurnm
509 3408 810 3510 compensarent.
836 3408 1005 3508 ignobiles
1043 3405 1109 3508 ipfi
1186 3464 1189 3467 -

69 3522 166 3618 opud
183 3518 418 3619 reformatos,
464 3533 499 3601 er
516 3524 556 3597 iu
582 3520 749 3599 ordinem.
766 3520 976 3620 uulgarium
998 3526 1110 3602 mini·

62 3633 225 3732 fluorum
265 3633 458 3731 redigendi.
514 3632 647 3727 „Non
684 3634 768 3711 dico
800 3638 818 3730 (
833 3633 1004 3736 pergit,)
1032 3635 1110 3716 haec

72 3806 94 3842 ,‚
125 3743 553 3849 queuralieuosfeceriut
571 3745 866 3829 ereformatione
883 3747 984 3835 illos,
1014 3771 1111 3851 quo-
1224 3852 1227 3860 Ι

545 3855 632 3954 E4
918 3883 1053 3955 „mm

115 4036 149 4115 r)
171 4031 200 4098 P.
216 4049 287 4113 203.
331 4034 365 4111 i)
385 4030 432 4097 De
443 4024 557 4116 nupero
568 4031 720 4108 schismate
741 4030 854 4115 inglir,
874 4052 905 4101 n.
923 4055 974 4116 ις.
994 4054 1023 4116 p.
1040 4039 1112 4102 206.
