2506 4958
177 244 330 337 regenam
360 219 559 317 cirillia
587 214 932 307 morienimi.
1009 236 1088 305 aas
1215 306 1221 315 ,

50 444 77 495 „
102 390 232 473 fronte
272 389 511 490 blasphemia,
559 388 694 491 septem
733 391 942 480 montibus,
977 394 1094 494 'aquia

18 492 77 605 ²2„
107 504 262 592 multia,
291 518 330 581 et
359 500 551 604 Babylonis
576 516 743 580 cantetur
769 506 895 589 exitu,
940 523 1096 582 contue-

51 672 78 717 „
106 638 148 699 re
162 674 196 713 „.
255 613 360 693 Exite
390 616 508 710 inanit
536 612 732 700 Dominus,
782 613 823 691 sle
850 610 915 691 illa
943 608 1095 715 populns

50 754 177 818 meus,
205 738 240 805 et
268 750 312 803 ne
330 726 520 823 participes
538 724 617 821 fitis
638 723 843 802 lollianum
860 729 955 816 eins,
986 738 1022 804 ei
1052 729 1096 807 oe

48 840 175 947 plagis
201 842 275 917 eius
307 859 378 914 nan
407 840 600 936 accipiatis.
657 895 680 932 „
698 838 753 915 td
780 837 970 919 'ieremiam
1001 863 1097 943 quo·

52 1006 80 1053 „
108 976 183 1059 que
205 950 414 1052 regrediens
443 950 614 1051 scriptum
642 952 774 1051 pariter
801 951 947 1031 attende
959 972 996 1049 „3
1029 950 1098 1030 Fa·

46 1074 133 1171 gite
165 1064 207 1143 cie
236 1062 351 1141 medio
384 1059 588 1156 Babylonis,
637 1073 672 1138 ct
692 1058 836 1160 sociante
863 1062 1098 1163 unusquisque

55 1181 218 1261 animam
237 1172 355 1275 suom.
395 1173 527 1250 Cecidit
557 1175 674 1262 enim,
694 1175 817 1252 cecidit
839 1173 995 1273 Babylon
1019 1195 1098 1255 ma·

49 1312 154 1393 gua,
192 1301 227 1367 et
243 1283 346 1387 falla
368 1283 413 1373 eli
441 1285 615 1363 labitotia
640 1286 851 1375 damonum,
894 1301 930 1366 ct
949 1287 1102 1381 eulalia

48 1400 207 1507 spiritus
234 1397 420 1476 immundi.
487 1454 510 1490 „
539 1394 600 1477 Est
630 1399 779 1500 quidem
808 1399 858 1478 ibi
889 1400 1003 1482 sanila
1032 1400 1102 1484 Ec·

57 1566 83 1613 ,
112 1511 236 1600 clella.
268 1511 353 1619 lunt
373 1508 534 1611 trophaea
557 1510 805 1612 apostolorum
829 1526 866 1591 et
883 1523 1099 1618 martyrum,
1195 1502 1198 1507 ’
1230 1572 1233 1583 .

59 1678 86 1725 „
115 1626 165 1707 est
190 1622 322 1707 Christi
351 1644 432 1701 sera
461 1621 656 1712 conleliio,
686 1625 737 1702 est
759 1625 803 1702 ab
823 1628 989 1726 apostolo
1010 1648 1101 1730 prae.

60 1792 85 1837 ,
115 1734 230 1841 dicata
257 1734 365 1822 fides.
410 1749 447 1812 et
477 1734 679 1834 gentilitate
712 1735 845 1815 calcata
875 1740 913 1814 ln
949 1739 1103 1823 sublime

61 1901 88 1950 ,
116 1850 151 1931 ie
169 1844 337 1952 quotidie
359 1850 502 1946 erigens
521 1847 739 1925 vocabulum
757 1848 1018 1947 christianum,
1039 1854 1102 1935 led

60 2016 86 2059 „
116 1961 187 2065 ipio
203 1962 374 2046 ambitio,
403 1960 591 2060 potentia,
613 1958 831 2056 magnitudo
851 1963 972 2050 orbis,
1002 1966 1104 2043 vide·

63 2126 89 2171 „
117 2076 149 2153 si
178 2092 216 2152 et
249 2074 395 2159 videre,
426 2067 566 2148 salutari
599 2082 635 2147 et
666 2069 838 2177 salutare,
868 2072 1033 2164 laudare,
1065 2092 1105 2158 eu
1180 2134 1188 2147 ,

62 2236 89 2284 „
118 2184 325 2272 detrahere.
356 2180 413 2260 vel
438 2182 561 2260 audire
589 2181 645 2263 sel
674 2181 870 2285 proloqui,
901 2206 938 2263 et
964 2200 1101 2269 mutans
1215 2226 1230 2261 s

63 2299 355 2401 „frequentiam
386 2295 579 2372 hominum
613 2293 734 2373 saltem
766 2298 920 2376 insitum
957 2300 1100 2392 videm,

64 2434 137 2508 „a
173 2407 361 2512 proposito
395 2405 693 2495 monachorum,
757 2422 795 2486 et
834 2413 956 2511 quiete
989 2412 1104 2496 aliena

64 2574 90 2618 „
118 2522 245 2614 sunt„.
304 2520 491 2619 integrum
516 2517 652 2597 neceffe
672 2518 740 2599 fuit
760 2523 942 2600 recensere
963 2523 1103 2617 locum.

66 2639 168 2715 utin
197 2630 422 2713 Romatunc
445 2636 607 2732 quamvis
637 2630 731 2708 haud
758 2635 984 2732 integra(ut
1013 2656 1105 2718 mox

66 2742 296 2833 ridebimus)
321 2743 530 2829 christiana,
569 2745 669 2840 pium
699 2744 744 2819 ab
772 2746 910 2842 impio,
956 2744 1106 2846 religio.
1173 2759 1178 2769 '

68 2859 148 2937 sum
172 2860 217 2934 ab
243 2855 465 2954 irreligioso,
494 2854 629 2931 rectum
652 2878 673 2929 a
695 2855 860 2953 perverso
883 2857 1107 2938 discrimine·
1214 2896 1220 2903 ¹

68 2983 141 3050 tur.
200 2968 300 3050 idem
327 2966 366 3057 o)
393 2964 510 3043 inilia
535 2965 595 3044 isa.
617 2989 648 3043 c.
672 2963 821 3045 XXIV.
847 2971 954 3046 verba
974 2973 1107 3050 attrita

65 3079 117 3175 all
137 3084 266 3159 ciuitm
292 3081 466 3157 vanitatis
500 3073 575 3164 &a
632 3131 655 3172 „
686 3076 896 3177 ingeramus
929 3083 1109 3184 (inquit)
1178 3157 1185 3161 .

69 3248 95 3289 ‚,
126 3194 199 3273 hoc
225 3193 470 3271 testimonium
501 3190 576 3280 his,
605 3194 668 3291 qui
696 3194 733 3268 iu
756 3194 933 3270 conviviis
958 3218 1034 3272 non
1052 3195 1109 3275 so·

72 3362 96 3400 „
125 3305 201 3385 lum
225 3303 309 3404 gula
326 3320 363 3381 et
382 3305 575 3391 ebrietate,
605 3302 664 3379 sed
686 3318 722 3380 er
743 3304 889 3381 auribus
908 3305 1108 3401 luxuriant.

72 3468 96 3513 ‚,
127 3433 167 3496 ut
185 3438 250 3518 per
270 3439 400 3493 amnes
426 3415 542 3492 sensus
562 3416 688 3491 anima
709 3413 890 3492 fortitudo
915 3408 1109 3502 mollescat.
1204 3506 1221 3531 r

73 3581 97 3624 „
127 3529 311 3608 Atresetur
335 3530 480 3615 civitae,
512 3525 568 3603 vel
599 3526 786 3627 spiritualis
804 3525 993 3628 Babylon,
1027 3552 1110 3633 qua

73 3692 97 3736 „
129 3641 226 3718 ledet
246 3645 282 3718 iss
299 3640 433 3741 septem
454 3639 638 3714 montibus
661 3653 881 3737 purpurata,
906 3645 1008 3718 cuius
1028 3643 1113 3747 sup·

74 3807 98 3848 „
127 3754 231 3856 plicia
250 3756 285 3828 iss
314 3747 515 3851 apocalypfi
537 3748 707 3828 Iohannis
737 3748 905 3849 legimus.
965 3750 1113 3834 Pulcse.

75 3919 99 3963 „
155 3866 313 3945 nedixit
337 3864 466 3944 urbem
496 3865 680 3953 vanitatis,
712 3859 737 3939 fi
761 3866 859 3945 enim
880 3864 1055 3945 sle-coelo
1075 3883 1112 3952 et

923 3992 1056 4073 „tem
1113 4008 1145 4049 '-

118 4082 156 4165 ι)
176 4078 340 4152 comment
365 4074 420 4151 lib.
442 4073 523 4149 illl.
548 4074 587 4147 Τ.
609 4072 715 4163 Ill-p.
740 4092 812 4163 top.
904 4186 907 4192 y
