2506 4958
39 612 77 673 ,ι
129 506 263 695 '2150⁴
429 582 436 591 ’
496 472 951 641 &medum-³7

158 698 333 817 deotiout
348 690 569 807 virginibut,
585 704 779 785 commixti
796 696 1208 799 fillontutfantiovilii

160 829 222 897 tot
244 806 290 895 til
311 818 478 925 oum.
505 808 582 896 line
599 814 696 897 telle
717 814 868 919 nuptiali
893 804 1147 895 detrudendus
1165 816 1228 917 lo,¹

158 930 327 1010 tenebrat
348 926 566 1019 exteriores,
606 950 689 1033 quat
712 926 766 1019 de,
781 926 849 1009 illo
872 948 992 1029 regno
1007 926 1207 1009 beatitudi-

15 1112 52 1139 „
98 1116 105 1127 ,
158 1040 219 1121 oia
242 1040 315 1119 dici
332 1042 488 1121 omniuo
510 1064 589 1120 non
614 1036 771 1144 poliunt
828 1038 950 1120 Porro
975 1038 1206 1120 auimedttt·

34 1194 45 1211 ·
158 1162 238 1235 itte
266 1150 353 1279 iiffit
382 1154 421 1231 io
455 1144 554 1233 ta'ota
585 1146 690 1235 attat'e
720 1165 859 1256 totque
897 1150 1110 1231 seculorum
1140 1150 1206 1233 do·

157 1261 304 1355 corsua
326 1264 556 1345 millenariae
584 1264 761 1369 quaedam
788 1262 1030 1366 catastrophat
1056 1278 1133 1343 tam
1163 1266 1207 1345 itt

155 1372 242 1477 ipio
264 1376 447 1480 imperiis,
476 1376 649 1459 Romano
676 1374 832 1481 profano
860 1376 996 1475 ¹gentili
1017 1376 1204 1477 primunr.

15 1558 18 1567 .
109 1490 112 1499 '
148 1486 245 1581 ,dein
268 1488 310 1567 in
328 1489 568 1580 oocideuttli,
598 1504 638 1569 et
649 1488 825 1569 orientali
856 1486 1090 1575 Christiano,
1122 1486 1209 1569 ntes

155 1596 369 1705 ltumedano
397 1602 512 1691 item,
555 1624 667 1705 qoam
696 1603 804 1681 etiam
839 1594 877 1677 in'
909 1598 980 1702 ipsa
1009 1596 1206 1681 ecclern

155 1708 230 1793 suia
248 1712 479 1793 incunabulis
493 1710 856 1817 Hierosolymitaoit,
884 1708 1207 1813 quandoiurbellie

50 1866 60 1881 ·
155 1826 321 1939 priorum
343 1824 519 1927 paulatim
534 1823 716 1915 adolevit,
747 1824 976 1924 tingentibue
991 1821 1096 1901 inferi
1116 1844 1208 1925 pot.

43 2020 47 2029 ,
137 1936 224 2025 itit.
268 1948 427 2041 totoque
451 1948 632 2017 tertarum
664 1934 757 2017 orbe
783 1958 870 2020 com
896 1935 1069 2018 omuibot
1093 1933 1208 2037 seculi

156 2046 398 2153 potestatione
416 2046 636 2131 adrmlaote.
1045 2044 1060 2073 ⁰

166 2286 169 2293 .
190 2202 438 2293 '21anuteor
454 2208 620 2293 collimat
633 2206 871 2315 Apocalyplia
889 2206 928 2290 S.
940 2206 1111 2298 loannis,
1141 2218 1207 2301 ot.

156 2318 348 2425 postquam
376 2314 502 2422 primis
525 2337 683 2426 quatuor
712 2325 889 2425 capitibus
919 2323 955 2398 in
982 2321 1116 2421 septem
1136 2314 1206 2398 Eo·

156 2420 341 2511 cleliarum
367 2433 456 2513 Aliae
484 2436 621 2534 angelis
644 2435 689 2513 ad
719 2458 877 2534 regnum
910 2432 1043 2511 Christi
1069 2433 1109 2541 in
1133 2446 1208 2508 tet-

155 2548 206 2623 ris
221 2545 435 2622 militantem
454 2542 646 2625 Ecclefiam
665 2546 868 2623 hierarchas
885 2540 1107 2630 instituillet,
1127 2541 1208 2621 sex-

122 2654 276 2769 xdecim
316 2659 496 2755 proximis
523 2658 702 2758 capitibus
739 2656 810 2737 fata
848 2655 1003 2737 eiusdem
1043 2651 1209 2735 Ecclesia

157 2765 289 2844 referat
313 2782 350 2843 et
370 2771 593 2855 certamina,
642 2768 803 2849 victorias
827 2784 863 2848 et
892 2765 1098 2867 triumphos
1129 2790 1208 2843 me-

158 2876 235 2955 diat
273 2879 367 2956 inter
395 2882 687 2960 concertationes
724 2904 809 2958 cum
834 2879 1007 2958 hereticis
1031 2896 1068 2956 et
1098 2877 1207 2956 schil-

156 2991 315 3078 maticis,
362 2991 657 3092 persecutiones,
706 3008 889 3071 tormenta
920 3006 955 3069 et
984 2990 1150 3077 mortes,
1182 3014 1204 3068 a

157 3099 340 3181 christiani
378 3109 539 3183 nominis
569 3106 731 3185 hostibus
764 3103 904 3191 illatas,
953 3106 990 3180 iu
1031 3102 1107 3178 hoc
1135 3099 1201 3179 fibi

86 3310 89 3320 Ι
157 3237 389 3317 nequaquam
425 3218 690 3297 adversantibus
713 3217 920 3301 Pastorioii,
961 3230 997 3293 et
1017 3211 1201 3301 Boiiueti,

157 3349 241 3428 quae
270 3329 354 3408 lunt
386 3332 567 3429 praecipua
591 3329 864 3433 systematibua:
911 3349 978 3405 uec
1000 3322 1089 3404 illud
1115 3325 1204 3403 huic

157 3439 343 3540 derogat,
401 3441 505 3541 quod
540 3457 613 3519 tom
648 3438 833 3540 insigniter
866 3441 972 3516 nobis
1010 3434 1203 3516 Eccleliam

156 3551 376 3630 militantem
411 3575 569 3651 reguum
603 3551 735 3632 Chrilli
766 3555 801 3628 in
833 3553 935 3630 tertis
958 3549 1206 3650 representat.

157 3663 307 3764 eiusque
335 3662 524 3752 clitorius,
569 3667 701 3766 quibua
732 3664 868 3742 devilia
898 3661 1017 3742 Romo
1049 3660 1202 3738 domina

156 3776 311 3864 mundi,
360 3775 524 3876 suscepto
554 3773 753 3876 Evangelio
773 3776 859 3855 falla
882 3776 932 3854 est
959 3787 1068 3873 caput
1095 3772 1203 3868 regni

158 3880 293 3965 Christi
318 3890 356 3964 in
383 3891 516 3976 terris,
568 3892 832 3990 imperiumque
859 3886 1067 3967 Romanum
1100 3883 1201 3960 sedec

157 3994 348 4095 religionis
372 3998 591 4089 christianae,
618 4000 804 4080 catholicae
830 3997 991 4078 Eccltiiae
1014 3995 1202 4072 militantis

33 4168 46 4177 .
157 4128 227 4210 per
261 4108 390 4186 orbem
417 4112 455 4190 io
493 4114 760 4192 commuuione
790 4109 950 4191 Eccleliae
984 4108 1201 4186 Sanctorum

162 4218 422 4324 triumphantia
442 4225 480 4301 in
498 4223 619 4317 coelo,
662 4241 706 4307 ut
730 4223 835 4328 supra
858 4246 936 4328 cap.
951 4218 1003 4302 X
1034 4217 1207 4316 exposui·

1061 4384 1143 4440 mus
