<?xml version="1.0" encoding="UTF-8"?>
<!DOCTYPE html PUBLIC "-//W3C//DTD XHTML 1.0 Transitional//EN"
    "http://www.w3.org/TR/xhtml1/DTD/xhtml1-transitional.dtd">
<html xmlns="http://www.w3.org/1999/xhtml" xml:lang="en" lang="en">
 <head>
  <title>
</title>
<meta http-equiv="Content-Type" content="text/html;charset=utf-8" />
  <meta name='ocr-system' content='tesseract 3.04.00' />
  <meta name='ocr-capabilities' content='ocr_page ocr_carea ocr_par ocr_line ocrx_word'/>
</head>
<body>
  <div class='ocr_page' id='page_1' title='image "./ecclesiamilitan01gerbgoog_0390.png"; bbox 0 0 2506 4958; ppageno 0'>
   <div class='ocr_carea' id='block_1_1' title="bbox 241 162 1142 298">
    <p class='ocr_par' dir='ltr' id='par_1_1' title="bbox 241 162 1142 298">
     <span class='ocr_line' id='line_1_1' title="bbox 241 162 1142 298; baseline -0.006 -22"><span class='ocrx_word' id='word_1_1' title='bbox 241 217 392 298; x_wconf 76' lang='lat' dir='ltr'>regnum</span> <span class='ocrx_word' id='word_1_2' title='bbox 419 191 548 287; x_wconf 77' lang='lat' dir='ltr'>Christi</span> <span class='ocrx_word' id='word_1_3' title='bbox 562 162 602 273; x_wconf 76' lang='lat' dir='ltr'>itt</span> <span class='ocrx_word' id='word_1_4' title='bbox 619 197 740 275; x_wconf 81' lang='lat' dir='ltr'>terris.</span> <span class='ocrx_word' id='word_1_5' title='bbox 757 215 788 281; x_wconf 84' lang='lat' dir='ltr'>c.</span> <span class='ocrx_word' id='word_1_6' title='bbox 807 192 991 275; x_wconf 85' lang='lat' dir='ltr'><em>XXXIX</em></span> <span class='ocrx_word' id='word_1_7' title='bbox 1061 206 1142 291; x_wconf 75' lang='lat'>³⁶7</span> 
     </span>
    </p>
   </div>
   <div class='ocr_carea' id='block_1_2' title="bbox 90 351 1146 794">
    <p class='ocr_par' dir='ltr' id='par_1_2' title="bbox 90 351 1146 794">
     <span class='ocr_line' id='line_1_2' title="bbox 196 351 1143 460; baseline -0.007 -18"><span class='ocrx_word' id='word_1_8' title='bbox 196 358 381 460; x_wconf 70' lang='lat' dir='ltr'>Deinceps</span> <span class='ocrx_word' id='word_1_9' title='bbox 402 379 488 436; x_wconf 80' lang='lat' dir='ltr'>teto</span> <span class='ocrx_word' id='word_1_10' title='bbox 504 357 621 440; x_wconf 87' lang='lat' dir='ltr'>seculo</span> <span class='ocrx_word' id='word_1_11' title='bbox 647 351 808 460; x_wconf 76' lang='lat' dir='ltr'>sequenti</span> <span class='ocrx_word' id='word_1_12' title='bbox 825 356 871 436; x_wconf 90' lang='lat' dir='ltr'>de</span> <span class='ocrx_word' id='word_1_13' title='bbox 891 351 1143 437; x_wconf 81' lang='lat' dir='ltr'>Decretalibua</span> 
     </span>
     <span class='ocr_line' id='line_1_3' title="bbox 90 468 1145 577; baseline -0.008 -22"><span class='ocrx_word' id='word_1_14' title='bbox 90 476 254 577; x_wconf 76' lang='lat' dir='ltr'>,optime</span> <span class='ocrx_word' id='word_1_15' title='bbox 269 475 402 549; x_wconf 85' lang='lat' dir='ltr'>metuit</span> <span class='ocrx_word' id='word_1_16' title='bbox 425 474 600 570; x_wconf 72' lang='lat' dir='ltr'><strong>imprimis</strong></span> <span class='ocrx_word' id='word_1_17' title='bbox 620 471 656 550; x_wconf 87' lang='lat' dir='ltr'>S.</span> <span class='ocrx_word' id='word_1_18' title='bbox 677 468 914 574; x_wconf 85' lang='lat' dir='ltr'>Raymuudus</span> <span class='ocrx_word' id='word_1_19' title='bbox 938 470 983 549; x_wconf 86' lang='lat' dir='ltr'>de</span> <span class='ocrx_word' id='word_1_20' title='bbox 1003 468 1145 548; x_wconf 80' lang='lat' dir='ltr'>Penna-</span> 
     </span>
     <span class='ocr_line' id='line_1_4' title="bbox 106 579 1142 685; baseline -0.008 -18"><span class='ocrx_word' id='word_1_21' title='bbox 106 587 199 667; x_wconf 84' lang='lat' dir='ltr'>sotti</span> <span class='ocrx_word' id='word_1_22' title='bbox 214 582 417 684; x_wconf 83' lang='lat' dir='ltr'>Hispanus,</span> <span class='ocrx_word' id='word_1_23' title='bbox 444 587 546 661; x_wconf 87' lang='lat' dir='ltr'>cuius</span> <span class='ocrx_word' id='word_1_24' title='bbox 559 606 671 685; x_wconf 83' lang='lat' dir='ltr'>opera</span> <span class='ocrx_word' id='word_1_25' title='bbox 689 581 770 661; x_wconf 85' lang='lat' dir='ltr'>usus</span> <span class='ocrx_word' id='word_1_26' title='bbox 783 584 835 660; x_wconf 86' lang='lat' dir='ltr'>est</span> <span class='ocrx_word' id='word_1_27' title='bbox 850 580 1053 681; x_wconf 81' lang='lat' dir='ltr'>Gregorius</span> <span class='ocrx_word' id='word_1_28' title='bbox 1073 579 1142 662; x_wconf 86' lang='grc' dir='ltr'>ΙΧ.</span> 
     </span>
     <span class='ocr_line' id='line_1_5' title="bbox 109 691 1146 794; baseline -0.008 -15"><span class='ocrx_word' id='word_1_29' title='bbox 109 697 150 779; x_wconf 85' lang='lat' dir='ltr'>P.</span> <span class='ocrx_word' id='word_1_30' title='bbox 165 699 211 775; x_wconf 83' lang='lat' dir='ltr'>ad</span> <span class='ocrx_word' id='word_1_31' title='bbox 228 691 446 794; x_wconf 82' lang='lat' dir='ltr'>digerendos</span> <span class='ocrx_word' id='word_1_32' title='bbox 472 696 583 772; x_wconf 85' lang='lat' dir='ltr'>iibtos</span> <span class='ocrx_word' id='word_1_33' title='bbox 608 693 655 774; x_wconf 87' lang='lat' dir='ltr'>V.</span> <span class='ocrx_word' id='word_1_34' title='bbox 688 693 955 781; x_wconf 82' lang='lat' dir='ltr'>Decretaiium‚</span> <span class='ocrx_word' id='word_1_35' title='bbox 984 719 1060 772; x_wconf 88' lang='lat' dir='ltr'>uon</span> <span class='ocrx_word' id='word_1_36' title='bbox 1089 697 1146 771; x_wconf 82' lang='lat' dir='ltr'>iu-</span> 
     </span>
    </p>
   </div>
   <div class='ocr_carea' id='block_1_3' title="bbox 109 805 1158 1359">
    <p class='ocr_par' dir='ltr' id='par_1_3' title="bbox 109 805 1158 1359">
     <span class='ocr_line' id='line_1_6' title="bbox 109 805 1146 910; baseline -0.008 -20"><span class='ocrx_word' id='word_1_37' title='bbox 109 827 232 910; x_wconf 84' lang='lat' dir='ltr'>tegtas</span> <span class='ocrx_word' id='word_1_38' title='bbox 255 832 311 884; x_wconf 89' lang='lat' dir='ltr'>eas</span> <span class='ocrx_word' id='word_1_39' title='bbox 347 831 449 885; x_wconf 85' lang='lat' dir='ltr'>more</span> <span class='ocrx_word' id='word_1_40' title='bbox 479 808 757 908; x_wconf 70' lang='lat' dir='ltr'>praecedentium</span> <span class='ocrx_word' id='word_1_41' title='bbox 786 806 1071 910; x_wconf 84' lang='lat' dir='ltr'>compilatorum</span> <span class='ocrx_word' id='word_1_42' title='bbox 1103 805 1146 882; x_wconf 81' lang='lat' dir='ltr'>ss·</span> 
     </span>
     <span class='ocr_line' id='line_1_7' title="bbox 110 911 1146 1020; baseline -0.007 -19"><span class='ocrx_word' id='word_1_43' title='bbox 110 924 238 1008; x_wconf 81' lang='lat' dir='ltr'>iiena,</span> <span class='ocrx_word' id='word_1_44' title='bbox 287 919 345 998; x_wconf 88' lang='lat' dir='ltr'>sed</span> <span class='ocrx_word' id='word_1_45' title='bbox 366 918 486 996; x_wconf 73' lang='lat' dir='ltr'>seleiia</span> <span class='ocrx_word' id='word_1_46' title='bbox 515 923 629 1020; x_wconf 86' lang='lat' dir='ltr'>capita</span> <span class='ocrx_word' id='word_1_47' title='bbox 662 919 858 996; x_wconf 81' lang='lat' dir='ltr'>earundem</span> <span class='ocrx_word' id='word_1_48' title='bbox 888 911 923 995; x_wconf 78' lang='lat' dir='ltr'>et</span> <span class='ocrx_word' id='word_1_49' title='bbox 949 917 1146 996; x_wconf 68' lang='lat' dir='ltr'>decisiones</span> 
     </span>
     <span class='ocr_line' id='line_1_8' title="bbox 113 1029 1158 1137; baseline -0.002 -27"><span class='ocrx_word' id='word_1_50' title='bbox 113 1047 268 1133; x_wconf 79' lang='lat' dir='ltr'>tantum.</span> <span class='ocrx_word' id='word_1_51' title='bbox 328 1030 445 1125; x_wconf 81' lang='lat' dir='ltr'>Quod</span> <span class='ocrx_word' id='word_1_52' title='bbox 480 1031 689 1137; x_wconf 84' lang='lat' dir='ltr'>exemplum</span> <span class='ocrx_word' id='word_1_53' title='bbox 719 1029 843 1110; x_wconf 80' lang='lat' dir='ltr'>secutis</span> <span class='ocrx_word' id='word_1_54' title='bbox 872 1031 946 1108; x_wconf 88' lang='lat' dir='ltr'>aliis</span> <span class='ocrx_word' id='word_1_55' title='bbox 975 1031 1158 1131; x_wconf 10' lang='lat' dir='ltr'>deinceps!</span> 
     </span>
     <span class='ocr_line' id='line_1_9' title="bbox 112 1143 1143 1248; baseline -0.003 -28"><span class='ocrx_word' id='word_1_56' title='bbox 112 1143 345 1248; x_wconf 87' lang='lat' dir='ltr'>pontificibus</span> <span class='ocrx_word' id='word_1_57' title='bbox 373 1143 599 1245; x_wconf 83' lang='lat' dir='ltr'>completum</span> <span class='ocrx_word' id='word_1_58' title='bbox 626 1143 676 1220; x_wconf 84' lang='lat' dir='ltr'>est</span> <span class='ocrx_word' id='word_1_59' title='bbox 692 1166 828 1243; x_wconf 80' lang='lat' dir='ltr'>corpus</span> <span class='ocrx_word' id='word_1_60' title='bbox 848 1144 933 1219; x_wconf 78' lang='lat' dir='ltr'>iuris</span> <span class='ocrx_word' id='word_1_61' title='bbox 952 1147 1143 1230; x_wconf 86' lang='lat' dir='ltr'>canonici.</span> 
     </span>
     <span class='ocr_line' id='line_1_10' title="bbox 114 1248 1145 1359; baseline -0.003 -25"><span class='ocrx_word' id='word_1_62' title='bbox 114 1257 219 1359; x_wconf 89' lang='lat' dir='ltr'>quod</span> <span class='ocrx_word' id='word_1_63' title='bbox 236 1280 254 1334; x_wconf 85' lang='lat' dir='ltr'>a</span> <span class='ocrx_word' id='word_1_64' title='bbox 269 1253 429 1332; x_wconf 83' lang='lat' dir='ltr'>Luthero</span> <span class='ocrx_word' id='word_1_65' title='bbox 442 1254 670 1333; x_wconf 88' lang='lat' dir='ltr'>combustum</span> <span class='ocrx_word' id='word_1_66' title='bbox 688 1255 837 1357; x_wconf 89' lang='lat' dir='ltr'>quidem</span> <span class='ocrx_word' id='word_1_67' title='bbox 854 1248 1145 1353; x_wconf 79' lang='lat' dir='ltr'>Witembetgae,</span> 
     </span>
    </p>
   </div>
   <div class='ocr_carea' id='block_1_4' title="bbox 115 1361 1243 4154">
    <p class='ocr_par' dir='ltr' id='par_1_4' title="bbox 115 1361 1243 3937">
     <span class='ocr_line' id='line_1_11' title="bbox 115 1361 1148 1448; baseline -0.006 0"><span class='ocrx_word' id='word_1_68' title='bbox 115 1373 154 1448; x_wconf 88' lang='lat' dir='ltr'>in</span> <span class='ocrx_word' id='word_1_69' title='bbox 183 1367 356 1448; x_wconf 82' lang='lat' dir='ltr'>catholica</span> <span class='ocrx_word' id='word_1_70' title='bbox 388 1361 538 1446; x_wconf 80' lang='lat' dir='ltr'>Ecclesia</span> <span class='ocrx_word' id='word_1_71' title='bbox 560 1390 647 1445; x_wconf 87' lang='lat' dir='ltr'>vero</span> <span class='ocrx_word' id='word_1_72' title='bbox 682 1367 927 1445; x_wconf 76' lang='lat' dir='ltr'>auiioritatem</span> <span class='ocrx_word' id='word_1_73' title='bbox 951 1366 1075 1447; x_wconf 87' lang='lat' dir='ltr'>habuit</span> <span class='ocrx_word' id='word_1_74' title='bbox 1101 1364 1148 1442; x_wconf 87' lang='lat' dir='ltr'>ad</span> 
     </span>
     <span class='ocr_line' id='line_1_12' title="bbox 116 1478 1147 1582; baseline -0.005 -23"><span class='ocrx_word' id='word_1_75' title='bbox 116 1480 280 1581; x_wconf 75' lang='lat' dir='ltr'>uestrum</span> <span class='ocrx_word' id='word_1_76' title='bbox 317 1479 428 1582; x_wconf 88' lang='lat' dir='ltr'>usque</span> <span class='ocrx_word' id='word_1_77' title='bbox 461 1500 587 1559; x_wconf 81' lang='lat' dir='ltr'>aevum.</span> <span class='ocrx_word' id='word_1_78' title='bbox 653 1478 804 1559; x_wconf 83' lang='lat' dir='ltr'>Novum</span> <span class='ocrx_word' id='word_1_79' title='bbox 838 1495 957 1557; x_wconf 88' lang='lat' dir='ltr'>tamen</span> <span class='ocrx_word' id='word_1_80' title='bbox 995 1478 1147 1557; x_wconf 80' lang='lat' dir='ltr'>lustrum</span> 
     </span>
     <span class='ocr_line' id='line_1_13' title="bbox 118 1588 1148 1693; baseline -0.004 -22"><span class='ocrx_word' id='word_1_81' title='bbox 118 1590 293 1693; x_wconf 80' lang='lat' dir='ltr'>superiori</span> <span class='ocrx_word' id='word_1_82' title='bbox 312 1591 430 1670; x_wconf 84' lang='lat' dir='ltr'>secuso</span> <span class='ocrx_word' id='word_1_83' title='bbox 448 1590 572 1671; x_wconf 81' lang='lat' dir='ltr'>xvh.</span> <span class='ocrx_word' id='word_1_84' title='bbox 602 1593 790 1670; x_wconf 86' lang='lat' dir='ltr'>decretam</span> <span class='ocrx_word' id='word_1_85' title='bbox 807 1588 968 1669; x_wconf 83' lang='lat' dir='ltr'>Gratiani</span> <span class='ocrx_word' id='word_1_86' title='bbox 987 1593 1148 1668; x_wconf 78' lang='lat' dir='ltr'>obtinuit</span> 
     </span>
     <span class='ocr_line' id='line_1_14' title="bbox 116 1702 1201 1806; baseline -0.004 -27"><span class='ocrx_word' id='word_1_87' title='bbox 116 1707 416 1806; x_wconf 69' lang='lat' dir='ltr'>percorreiiores</span> <span class='ocrx_word' id='word_1_88' title='bbox 450 1702 657 1788; x_wconf 82' lang='lat' dir='ltr'>Romanos.</span> <span class='ocrx_word' id='word_1_89' title='bbox 689 1707 751 1805; x_wconf 91' lang='lat' dir='ltr'>qus</span> <span class='ocrx_word' id='word_1_90' title='bbox 784 1703 914 1780; x_wconf 85' lang='lat' dir='ltr'>eodem</span> <span class='ocrx_word' id='word_1_91' title='bbox 952 1721 1146 1802; x_wconf 77' lang='lat' dir='ltr'>tempore,</span> <span class='ocrx_word' id='word_1_92' title='bbox 1198 1742 1201 1746; x_wconf 90' lang='lat'><em>·</em></span> 
     </span>
     <span class='ocr_line' id='line_1_15' title="bbox 116 1812 1147 1918; baseline -0.005 -25"><span class='ocrx_word' id='word_1_93' title='bbox 116 1841 196 1918; x_wconf 91' lang='lat' dir='ltr'>quo</span> <span class='ocrx_word' id='word_1_94' title='bbox 221 1816 301 1894; x_wconf 82' lang='lat' dir='ltr'>Ant.</span> <span class='ocrx_word' id='word_1_95' title='bbox 324 1816 544 1912; x_wconf 84' lang='lat' dir='ltr'>Augustinus</span> <span class='ocrx_word' id='word_1_96' title='bbox 572 1812 735 1890; x_wconf 83' lang='lat' dir='ltr'>Gratiani</span> <span class='ocrx_word' id='word_1_97' title='bbox 760 1814 1003 1890; x_wconf 86' lang='lat' dir='ltr'>emendationi</span> <span class='ocrx_word' id='word_1_98' title='bbox 1024 1813 1147 1890; x_wconf 82' lang='lat' dir='ltr'>sedulo</span> 
     </span>
     <span class='ocr_line' id='line_1_16' title="bbox 116 1921 1145 2024; baseline -0.008 -19"><span class='ocrx_word' id='word_1_99' title='bbox 116 1929 311 2012; x_wconf 79' lang='lat' dir='ltr'><strong>incubuit,</strong></span> <span class='ocrx_word' id='word_1_100' title='bbox 360 1953 378 2002; x_wconf 88' lang='lat' dir='ltr'>a</span> <span class='ocrx_word' id='word_1_101' title='bbox 404 1926 589 2023; x_wconf 85' lang='lat' dir='ltr'>Gregorio</span> <span class='ocrx_word' id='word_1_102' title='bbox 619 1921 724 2003; x_wconf 84' lang='lat' dir='ltr'>Xiil.</span> <span class='ocrx_word' id='word_1_103' title='bbox 769 1924 953 2001; x_wconf 84' lang='lat' dir='ltr'>constituti</span> <span class='ocrx_word' id='word_1_104' title='bbox 986 1934 1145 2024; x_wconf 84' lang='lat' dir='ltr'>quaeuis,</span> 
     </span>
     <span class='ocr_line' id='line_1_17' title="bbox 119 2018 1224 2142; baseline -0.006 -25"><span class='ocrx_word' id='word_1_105' title='bbox 119 2038 244 2142; x_wconf 90' lang='lat' dir='ltr'>quoad</span> <span class='ocrx_word' id='word_1_106' title='bbox 265 2039 383 2122; x_wconf 86' lang='lat' dir='ltr'>licuit,</span> <span class='ocrx_word' id='word_1_107' title='bbox 406 2039 472 2112; x_wconf 86' lang='lat' dir='ltr'>suis</span> <span class='ocrx_word' id='word_1_108' title='bbox 491 2037 694 2114; x_wconf 77' lang='lat' dir='ltr'>auiioribus</span> <span class='ocrx_word' id='word_1_109' title='bbox 712 2029 941 2113; x_wconf 86' lang='lat' dir='ltr'>asseruerunt.</span> <span class='ocrx_word' id='word_1_110' title='bbox 989 2032 1151 2135; x_wconf 84' lang='lat' dir='ltr'>Corpori</span> <span class='ocrx_word' id='word_1_111' title='bbox 1212 2018 1224 2043; x_wconf 77' lang='lat'><em>⁶</em></span> 
     </span>
     <span class='ocr_line' id='line_1_18' title="bbox 119 2145 1151 2249; baseline -0.007 -20"><span class='ocrx_word' id='word_1_112' title='bbox 119 2149 207 2228; x_wconf 89' lang='lat' dir='ltr'>huic</span> <span class='ocrx_word' id='word_1_113' title='bbox 236 2151 319 2225; x_wconf 86' lang='lat' dir='ltr'>iaris</span> <span class='ocrx_word' id='word_1_114' title='bbox 344 2149 509 2243; x_wconf 69' lang='lat' dir='ltr'>canonici</span> <span class='ocrx_word' id='word_1_115' title='bbox 533 2150 661 2249; x_wconf 86' lang='lat' dir='ltr'>partim</span> <span class='ocrx_word' id='word_1_116' title='bbox 687 2146 834 2227; x_wconf 84' lang='lat' dir='ltr'>decreto</span> <span class='ocrx_word' id='word_1_117' title='bbox 851 2145 1037 2235; x_wconf 85' lang='lat' dir='ltr'>Gratiani,</span> <span class='ocrx_word' id='word_1_118' title='bbox 1069 2171 1151 2247; x_wconf 84' lang='lat' dir='ltr'>par·</span> 
     </span>
     <span class='ocr_line' id='line_1_19' title="bbox 118 2244 1154 2361; baseline -0.003 -22"><span class='ocrx_word' id='word_1_119' title='bbox 118 2244 185 2340; x_wconf 82' lang='lat' dir='ltr'>tim</span> <span class='ocrx_word' id='word_1_120' title='bbox 212 2264 319 2336; x_wconf 87' lang='lat' dir='ltr'>etiam</span> <span class='ocrx_word' id='word_1_121' title='bbox 351 2260 587 2339; x_wconf 84' lang='lat' dir='ltr'>decretalibus</span> <span class='ocrx_word' id='word_1_122' title='bbox 628 2258 693 2340; x_wconf 87' lang='grc' dir='ltr'>ΡΡ.</span> <span class='ocrx_word' id='word_1_123' title='bbox 721 2260 839 2338; x_wconf 79' lang='lat' dir='ltr'>inserti</span> <span class='ocrx_word' id='word_1_124' title='bbox 879 2261 960 2340; x_wconf 89' lang='lat' dir='ltr'>sum</span> <span class='ocrx_word' id='word_1_125' title='bbox 990 2261 1154 2361; x_wconf 80' lang='lat' dir='ltr'>plerique</span> 
     </span>
     <span class='ocr_line' id='line_1_20' title="bbox 119 2371 1153 2471; baseline -0.004 -20"><span class='ocrx_word' id='word_1_126' title='bbox 119 2398 249 2451; x_wconf 87' lang='lat' dir='ltr'>eorum</span> <span class='ocrx_word' id='word_1_127' title='bbox 277 2397 459 2450; x_wconf 81' lang='lat' dir='ltr'>canonum</span> <span class='ocrx_word' id='word_1_128' title='bbox 486 2371 757 2451; x_wconf 81' lang='lat' dir='ltr'>lateranensem</span> <span class='ocrx_word' id='word_1_129' title='bbox 785 2375 1027 2452; x_wconf 82' lang='lat' dir='ltr'>conciliorum</span> <span class='ocrx_word' id='word_1_130' title='bbox 1059 2396 1153 2471; x_wconf 83' lang='lat' dir='ltr'>gen·</span> 
     </span>
     <span class='ocr_line' id='line_1_21' title="bbox 121 2483 1155 2586; baseline -0.004 -24"><span class='ocrx_word' id='word_1_131' title='bbox 121 2483 297 2570; x_wconf 78' lang='lat' dir='ltr'>caulium,</span> <span class='ocrx_word' id='word_1_132' title='bbox 358 2508 514 2586; x_wconf 82' lang='lat' dir='ltr'>quorum</span> <span class='ocrx_word' id='word_1_133' title='bbox 543 2490 607 2561; x_wconf 82' lang='lat' dir='ltr'>tria</span> <span class='ocrx_word' id='word_1_134' title='bbox 640 2489 758 2585; x_wconf 86' lang='lat' dir='ltr'>priora</span> <span class='ocrx_word' id='word_1_135' title='bbox 797 2484 971 2563; x_wconf 80' lang='lat' dir='ltr'>celebrata</span> <span class='ocrx_word' id='word_1_136' title='bbox 1007 2483 1155 2562; x_wconf 85' lang='lat' dir='ltr'>suerunt</span> 
     </span>
     <span class='ocr_line' id='line_1_22' title="bbox 122 2592 1154 2696; baseline -0.001 -23"><span class='ocrx_word' id='word_1_137' title='bbox 122 2594 245 2673; x_wconf 81' lang='lat' dir='ltr'>seculo</span> <span class='ocrx_word' id='word_1_138' title='bbox 267 2597 338 2674; x_wconf 88' lang='lat' dir='ltr'>hoc</span> <span class='ocrx_word' id='word_1_139' title='bbox 358 2595 443 2676; x_wconf 84' lang='lat' dir='ltr'>Xli.</span> <span class='ocrx_word' id='word_1_140' title='bbox 477 2600 633 2696; x_wconf 87' lang='lat' dir='ltr'>primum</span> <span class='ocrx_word' id='word_1_141' title='bbox 662 2594 725 2673; x_wconf 85' lang='lat' dir='ltr'>iub</span> <span class='ocrx_word' id='word_1_142' title='bbox 749 2594 896 2676; x_wconf 84' lang='lat' dir='ltr'>Caiixto</span> <span class='ocrx_word' id='word_1_143' title='bbox 920 2592 961 2674; x_wconf 84' lang='grc' dir='ltr'>ΙΙ.</span> <span class='ocrx_word' id='word_1_144' title='bbox 987 2600 1031 2672; x_wconf 87' lang='lat' dir='ltr'>in</span> <span class='ocrx_word' id='word_1_145' title='bbox 1051 2594 1154 2672; x_wconf 83' lang='lat' dir='ltr'>causa</span> 
     </span>
     <span class='ocr_line' id='line_1_23' title="bbox 123 2704 1155 2809; baseline -0.006 -22"><span class='ocrx_word' id='word_1_146' title='bbox 123 2706 271 2787; x_wconf 84' lang='lat' dir='ltr'>Hearici</span> <span class='ocrx_word' id='word_1_147' title='bbox 296 2704 337 2785; x_wconf 85' lang='lat' dir='ltr'>V.</span> <span class='ocrx_word' id='word_1_148' title='bbox 373 2711 598 2809; x_wconf 76' lang='lat' dir='ltr'>tyrannidem</span> <span class='ocrx_word' id='word_1_149' title='bbox 622 2715 729 2806; x_wconf 86' lang='lat' dir='ltr'>patris</span> <span class='ocrx_word' id='word_1_150' title='bbox 751 2713 784 2783; x_wconf 90' lang='lat' dir='ltr'>in</span> <span class='ocrx_word' id='word_1_151' title='bbox 806 2705 994 2786; x_wconf 83' lang='lat' dir='ltr'>Ecclesiam</span> <span class='ocrx_word' id='word_1_152' title='bbox 1019 2709 1155 2784; x_wconf 83' lang='lat' dir='ltr'>Roma·</span> 
     </span>
     <span class='ocr_line' id='line_1_24' title="bbox 126 2820 1230 2920; baseline 0.002 -26"><span class='ocrx_word' id='word_1_153' title='bbox 126 2844 209 2894; x_wconf 85' lang='lat' dir='ltr'>nam</span> <span class='ocrx_word' id='word_1_154' title='bbox 240 2825 414 2920; x_wconf 80' lang='lat' dir='ltr'>imprimis</span> <span class='ocrx_word' id='word_1_155' title='bbox 458 2820 702 2920; x_wconf 72' lang='lat' dir='ltr'>prm-&#39;aquentts</span> <span class='ocrx_word' id='word_1_156' title='bbox 728 2824 778 2897; x_wconf 91' lang='lat' dir='ltr'>ob</span> <span class='ocrx_word' id='word_1_157' title='bbox 809 2821 1021 2896; x_wconf 74' lang='lat' dir='ltr'>eieiiiouem</span> <span class='ocrx_word' id='word_1_158' title='bbox 1057 2822 1155 2896; x_wconf 78' lang='lat' dir='ltr'>inve-</span> <span class='ocrx_word' id='word_1_159' title='bbox 1228 2878 1230 2882; x_wconf 47' lang='lat'><em>2</em></span> 
     </span>
     <span class='ocr_line' id='line_1_25' title="bbox 126 2931 1157 3033; baseline -0.001 -25"><span class='ocrx_word' id='word_1_160' title='bbox 126 2931 358 3033; x_wconf 85' lang='lat' dir='ltr'>stitutamque</span> <span class='ocrx_word' id='word_1_161' title='bbox 394 2932 650 3033; x_wconf 75' lang='lat' dir='ltr'>beneficiorum</span> <span class='ocrx_word' id='word_1_162' title='bbox 690 2931 1027 3016; x_wconf 76' lang='lat' dir='ltr'>ecclesiasticorum,</span> <span class='ocrx_word' id='word_1_163' title='bbox 1080 2937 1157 3007; x_wconf 86' lang='lat' dir='ltr'>vin·</span> 
     </span>
     <span class='ocr_line' id='line_1_26' title="bbox 125 3041 1157 3123; baseline -0.001 -4"><span class='ocrx_word' id='word_1_164' title='bbox 125 3048 238 3120; x_wconf 88' lang='lat' dir='ltr'>dicata</span> <span class='ocrx_word' id='word_1_165' title='bbox 259 3045 417 3122; x_wconf 76' lang='lat' dir='ltr'>Eecieiiae</span> <span class='ocrx_word' id='word_1_166' title='bbox 447 3067 568 3120; x_wconf 84' lang='lat' dir='ltr'>earum</span> <span class='ocrx_word' id='word_1_167' title='bbox 594 3044 765 3123; x_wconf 80' lang='lat' dir='ltr'>libertate.</span> <span class='ocrx_word' id='word_1_168' title='bbox 828 3045 990 3122; x_wconf 79' lang='lat' dir='ltr'>Alterum</span> <span class='ocrx_word' id='word_1_169' title='bbox 1019 3043 1082 3119; x_wconf 92' lang='lat' dir='ltr'>sub</span> <span class='ocrx_word' id='word_1_170' title='bbox 1101 3041 1157 3119; x_wconf 80' lang='lat' dir='ltr'>in-</span> 
     </span>
     <span class='ocr_line' id='line_1_27' title="bbox 125 3151 1151 3235; baseline -0.001 -3"><span class='ocrx_word' id='word_1_171' title='bbox 125 3164 299 3234; x_wconf 87' lang='lat' dir='ltr'>nocentio</span> <span class='ocrx_word' id='word_1_172' title='bbox 315 3157 356 3235; x_wconf 85' lang='lat' dir='ltr'>li.</span> <span class='ocrx_word' id='word_1_173' title='bbox 390 3155 577 3234; x_wconf 76' lang='lat' dir='ltr'>occasione</span> <span class='ocrx_word' id='word_1_174' title='bbox 598 3154 789 3235; x_wconf 80' lang='lat' dir='ltr'>schismatis</span> <span class='ocrx_word' id='word_1_175' title='bbox 813 3161 849 3233; x_wconf 84' lang='lat' dir='ltr'>in</span> <span class='ocrx_word' id='word_1_176' title='bbox 873 3154 1022 3235; x_wconf 80' lang='lat' dir='ltr'>Ecclesia</span> <span class='ocrx_word' id='word_1_177' title='bbox 1042 3151 1151 3232; x_wconf 87' lang='lat' dir='ltr'>Rom.</span> 
     </span>
     <span class='ocr_line' id='line_1_28' title="bbox 125 3264 1243 3348; baseline -0.004 -2"><span class='ocrx_word' id='word_1_178' title='bbox 125 3294 144 3347; x_wconf 88' lang='lat' dir='ltr'>a</span> <span class='ocrx_word' id='word_1_179' title='bbox 163 3270 354 3346; x_wconf 73' lang='lat' dir='ltr'>rebellibus</span> <span class='ocrx_word' id='word_1_180' title='bbox 375 3271 511 3346; x_wconf 79' lang='lat' dir='ltr'>ciuibus</span> <span class='ocrx_word' id='word_1_181' title='bbox 537 3270 687 3346; x_wconf 75' lang='lat' dir='ltr'>indum:</span> <span class='ocrx_word' id='word_1_182' title='bbox 710 3274 766 3346; x_wconf 87' lang='lat' dir='ltr'>cui</span> <span class='ocrx_word' id='word_1_183' title='bbox 785 3269 941 3348; x_wconf 83' lang='lat' dir='ltr'>sedando</span> <span class='ocrx_word' id='word_1_184' title='bbox 967 3264 1159 3346; x_wconf 77' lang='lat' dir='ltr'>[otharius</span> <span class='ocrx_word' id='word_1_185' title='bbox 1240 3306 1243 3311; x_wconf 17' lang='grc' dir='ltr'><strong>Α</strong></span> 
     </span>
     <span class='ocr_line' id='line_1_29' title="bbox 128 3376 1159 3482; baseline -0.004 -22"><span class='ocrx_word' id='word_1_186' title='bbox 128 3385 215 3482; x_wconf 86' lang='lat' dir='ltr'>imp.</span> <span class='ocrx_word' id='word_1_187' title='bbox 232 3400 267 3458; x_wconf 88' lang='lat' dir='ltr'>et</span> <span class='ocrx_word' id='word_1_188' title='bbox 280 3381 488 3460; x_wconf 87' lang='lat' dir='ltr'>Ludovicus</span> <span class='ocrx_word' id='word_1_189' title='bbox 508 3376 652 3463; x_wconf 73' lang='lat' dir='ltr'>Vhaex</span> <span class='ocrx_word' id='word_1_190' title='bbox 671 3380 795 3459; x_wconf 84' lang='lat' dir='ltr'>Galliae</span> <span class='ocrx_word' id='word_1_191' title='bbox 814 3383 991 3459; x_wconf 85' lang='lat' dir='ltr'>strenuam</span> <span class='ocrx_word' id='word_1_192' title='bbox 1013 3401 1159 3480; x_wconf 80' lang='lat' dir='ltr'>operam</span> 
     </span>
     <span class='ocr_line' id='line_1_30' title="bbox 129 3494 1163 3594; baseline -0.001 -25"><span class='ocrx_word' id='word_1_193' title='bbox 129 3497 407 3592; x_wconf 80' lang='lat' dir='ltr'>impenderunt:</span> <span class='ocrx_word' id='word_1_194' title='bbox 429 3498 575 3572; x_wconf 85' lang='lat' dir='ltr'>tertium</span> <span class='ocrx_word' id='word_1_195' title='bbox 597 3495 657 3569; x_wconf 91' lang='lat' dir='ltr'>sub</span> <span class='ocrx_word' id='word_1_196' title='bbox 676 3494 881 3572; x_wconf 83' lang='lat' dir='ltr'>Alexandro</span> <span class='ocrx_word' id='word_1_197' title='bbox 895 3494 953 3572; x_wconf 88' lang='lat' dir='ltr'>sii.</span> <span class='ocrx_word' id='word_1_198' title='bbox 974 3499 1163 3594; x_wconf 78' lang='lat' dir='ltr'>postcom-</span> 
     </span>
     <span class='ocr_line' id='line_1_31' title="bbox 128 3604 1161 3707; baseline -0.001 -24"><span class='ocrx_word' id='word_1_199' title='bbox 128 3605 260 3707; x_wconf 84' lang='lat' dir='ltr'>posatas</span> <span class='ocrx_word' id='word_1_200' title='bbox 285 3611 430 3707; x_wconf 86' lang='lat' dir='ltr'>quidem</span> <span class='ocrx_word' id='word_1_201' title='bbox 457 3631 541 3683; x_wconf 93' lang='lat' dir='ltr'>cum</span> <span class='ocrx_word' id='word_1_202' title='bbox 574 3604 757 3683; x_wconf 80' lang='lat' dir='ltr'>Friderico</span> <span class='ocrx_word' id='word_1_203' title='bbox 783 3606 807 3684; x_wconf 91' lang='grc' dir='ltr'>Ι.</span> <span class='ocrx_word' id='word_1_204' title='bbox 841 3629 918 3693; x_wconf 89' lang='lat' dir='ltr'>res,</span> <span class='ocrx_word' id='word_1_205' title='bbox 957 3610 999 3681; x_wconf 85' lang='lat' dir='ltr'>ad</span> <span class='ocrx_word' id='word_1_206' title='bbox 1024 3607 1161 3705; x_wconf 80' lang='lat' dir='ltr'>prospi-</span> 
     </span>
     <span class='ocr_line' id='line_1_32' title="bbox 128 3715 1237 3821; baseline -0.001 -25"><span class='ocrx_word' id='word_1_207' title='bbox 128 3719 300 3796; x_wconf 88' lang='lat' dir='ltr'>ciendum</span> <span class='ocrx_word' id='word_1_208' title='bbox 320 3744 405 3795; x_wconf 81' lang='lat' dir='ltr'>vero</span> <span class='ocrx_word' id='word_1_209' title='bbox 427 3723 462 3793; x_wconf 88' lang='lat' dir='ltr'>in</span> <span class='ocrx_word' id='word_1_210' title='bbox 484 3715 601 3796; x_wconf 87' lang='lat' dir='ltr'>sutura</span> <span class='ocrx_word' id='word_1_211' title='bbox 621 3735 809 3821; x_wconf 83' lang='lat' dir='ltr'>tempora,</span> <span class='ocrx_word' id='word_1_212' title='bbox 840 3743 886 3796; x_wconf 86' lang='lat' dir='ltr'>ue</span> <span class='ocrx_word' id='word_1_213' title='bbox 904 3717 1099 3796; x_wconf 75' lang='lat' dir='ltr'>hierarchia</span> <span class='ocrx_word' id='word_1_214' title='bbox 1120 3716 1162 3794; x_wconf 86' lang='lat' dir='ltr'>ii·</span> <span class='ocrx_word' id='word_1_215' title='bbox 1235 3790 1237 3795; x_wconf 81' lang='grc'>,</span> 
     </span>
     <span class='ocr_line' id='line_1_33' title="bbox 130 3829 1195 3937; baseline -0.006 -30"><span class='ocrx_word' id='word_1_216' title='bbox 130 3830 207 3907; x_wconf 88' lang='lat' dir='ltr'>mili</span> <span class='ocrx_word' id='word_1_217' title='bbox 250 3829 448 3909; x_wconf 83' lang='lat' dir='ltr'>calamitate</span> <span class='ocrx_word' id='word_1_218' title='bbox 477 3830 724 3937; x_wconf 81' lang='lat' dir='ltr'>affligeretur,</span> <span class='ocrx_word' id='word_1_219' title='bbox 769 3848 879 3934; x_wconf 85' lang='lat' dir='ltr'>atque</span> <span class='ocrx_word' id='word_1_220' title='bbox 902 3833 939 3907; x_wconf 86' lang='lat' dir='ltr'>in</span> <span class='ocrx_word' id='word_1_221' title='bbox 962 3830 1195 3911; x_wconf 78' lang='lat' dir='ltr'>libertatem</span> 
     </span>
    </p>

    <p class='ocr_par' dir='ltr' id='par_1_5' title="bbox 132 3935 1164 4047">
     <span class='ocr_line' id='line_1_34' title="bbox 132 3935 1164 4047; baseline -0.002 -27"><span class='ocrx_word' id='word_1_222' title='bbox 132 3940 308 4020; x_wconf 84' lang='lat' dir='ltr'>vindicata</span> <span class='ocrx_word' id='word_1_223' title='bbox 332 3936 480 4020; x_wconf 79' lang='lat' dir='ltr'>Ecciefia</span> <span class='ocrx_word' id='word_1_224' title='bbox 505 3944 661 4020; x_wconf 82' lang='lat' dir='ltr'>miiitum</span> <span class='ocrx_word' id='word_1_225' title='bbox 683 3964 838 4047; x_wconf 82' lang='lat' dir='ltr'>reguum</span> <span class='ocrx_word' id='word_1_226' title='bbox 854 3935 984 4023; x_wconf 83' lang='lat' dir='ltr'>Christi</span> <span class='ocrx_word' id='word_1_227' title='bbox 1005 3948 1039 4020; x_wconf 87' lang='lat' dir='ltr'>in</span> <span class='ocrx_word' id='word_1_228' title='bbox 1062 3945 1164 4018; x_wconf 80' lang='lat' dir='ltr'>tetris</span> 
     </span>
    </p>

    <p class='ocr_par' dir='ltr' id='par_1_6' title="bbox 398 4057 1110 4154">
     <span class='ocr_line' id='line_1_35' title="bbox 398 4057 1110 4154; baseline 0.001 -25"><span class='ocrx_word' id='word_1_229' title='bbox 398 4080 406 4100; x_wconf 74' lang='lat'><strong><em>‘</em></strong></span> <span class='ocrx_word' id='word_1_230' title='bbox 1020 4057 1110 4154; x_wconf 83' lang='lat' dir='ltr'>iegi-</span> 
     </span>
    </p>
   </div>
   <div class='ocr_carea' id='block_1_5' title="bbox 0 0 1289 4958">
    <p class='ocr_par' dir='ltr' id='par_1_7' title="bbox 0 0 1289 4958">
     <span class='ocr_line' id='line_1_36' title="bbox 0 0 1289 4958; baseline 0 0"><span class='ocrx_word' id='word_1_231' title='bbox 0 0 1289 4958; x_wconf 95' lang='lat' dir='ltr'> </span> 
     </span>
    </p>
   </div>
  </div>
 </body>
</html>
