2506 4958
277 245 429 321 regnnm
463 186 594 313 christi
622 224 663 299 in
688 184 868 303 terrine.
902 221 969 304 IX.
1046 319 1054 334 ,
1096 250 1150 323 99

108 449 127 485 „
149 392 257 468 stum.
317 387 482 487 Signanit
499 402 642 473 autem,
663 389 747 488 quia
771 388 960 465 occultum
984 390 1053 476 est,
1087 391 1152 494 qui

107 558 127 598 „
151 505 356 603 pertineant
387 500 432 573 ad
449 514 586 598 partem
610 499 764 585 diaboli,
796 516 832 576 et
850 503 912 601 qui
938 503 981 577 ad
1002 502 1146 583 Christi.

109 672 129 710 ,‚
152 616 250 694 Nam
273 629 310 690 et
333 615 395 713 qui
416 610 583 688 videntur
601 606 716 700 stare,
748 609 951 699 nescimus.
982 611 1008 691 fi
1033 617 1149 696 casuri

70 812 76 819 ,
110 784 130 822 „
155 726 261 820 iunt3
308 743 342 801 et
378 727 439 822 qui
467 729 603 808 iacent,
649 721 849 823 fisurgant
880 728 1058 806 incertum
1086 731 1147 807 est.

110 896 131 933 „
156 839 273 935 Quod
297 852 417 914 autem
448 838 520 920 tit,
563 836 716 934 ligatum
739 851 776 914 et
808 837 985 917 inclusum
1017 840 1149 930 iilum.

114 1007 133 1045 „
160 971 199 1030 ut
229 975 303 1027 non
326 948 468 1028 seducat
490 966 642 1045 gentes:
682 968 808 1047 gentes
832 947 1019 1028 Ecclesiam
1043 950 1152 1052 figni-

116 1120 135 1158 „
162 1065 294 1148 ficunt,
335 1061 536 1162 exquibus
564 1059 633 1160 ipsa
668 1063 830 1147 constat,
877 1087 965 1163 quas
994 1064 1151 1144 sedunus

117 1235 137 1274 „
162 1192 241 1254 ante
262 1174 431 1258 tenebat,
462 1172 566 1249 donec
581 1171 785 1268 finiuntur,
804 1176 947 1274 inquit,
978 1176 1071 1254 mille
1086 1200 1151 1254 un.

116 1346 137 1384 „
161 1293 224 1375 ni,
248 1289 284 1365 id
309 1286 384 1371 est,
416 1285 518 1385 quod
535 1287 713 1386 reliquum
736 1287 786 1363 est
813 1288 858 1362 de
875 1285 974 1364 sexto
994 1288 1154 1378 die,sci-
1192 1364 1198 1385 ,
1232 1362 1236 1373 ,

116 1458 136 1495 „
161 1402 243 1478 ltcet
268 1398 363 1475 [extu
379 1413 502 1484 estate,
526 1421 612 1496 ¹quae
629 1400 766 1475 constat
780 1399 875 1475 mille
892 1404 1004 1477 annis.
1026 1458 1048 1493 „
1078 1399 1153 1481 Lu.

117 1515 250 1591 culenta
282 1510 362 1586 sane
400 1507 477 1585 haec
515 1509 565 1586 est
592 1515 694 1608 regni
731 1510 862 1590 Christi
891 1508 1052 1591 Ecciefiae
1091 1517 1157 1592 de.

117 1624 254 1726 scriptio
277 1627 313 1698 in
340 1621 495 1698 adventu
529 1626 648 1720 ptimo
675 1621 807 1703 Christi
836 1624 935 1702 velut
970 1627 1014 1701 ab
1034 1628 1151 1705 infan-

118 1741 157 1814 tia
178 1739 233 1815 sua
249 1733 438 1813 crescentis
461 1789 483 1824 „
511 1735 554 1810 ad
579 1735 928 1813 consummationem
947 1736 1151 1819 ianitorum

117 1907 136 1943 ,‚
161 1875 195 1925 tn
227 1871 322 1945 opus
359 1846 572 1931 ministerii,
614 1851 649 1922 in
682 1846 953 1924 aedificationem
984 1856 1151 1948 corporis

115 2018 135 2056 „
160 1961 315 2041 Christi:
346 1958 468 2035 donec
489 1981 618 2033 omnes
646 1981 880 2036 occurramus
905 1962 942 2035 in
975 1965 1151 2040 unitatem

114 2129 133 2168 ,‚
159 2073 264 2159 fidei,
296 2085 333 2148 et
350 2072 547 2169 agnitionis
561 2067 623 2145 filii
640 2067 735 2155 Dei,
766 2073 935 2148 invirum
954 2072 1151 2175 persedum

112 2244 132 2281 „
159 2191 194 2263 in
220 2181 420 2262 mensuram
438 2183 549 2263 aetatis
569 2181 802 2282 plenitudinis
819 2183 961 2263 Christi.
985 2182 1025 2274 o)

164 2347 355 2426 Prioribus
398 2369 546 2446 quoque
588 2345 714 2422 mundi
755 2347 915 2425 aetatibus
958 2349 1154 2432 theocratit

114 2461 275 2563 quaedam
305 2459 467 2534 obtinuit
497 2481 559 2557 per
589 2459 745 2556 epochas
778 2461 1083 2559 patriarcharum,
1116 2474 1154 2543 et

110 2575 189 2674 post
218 2573 337 2669 legem
359 2573 422 2647 {ub
456 2571 631 2646 indicibus
662 2570 772 2672 usque
809 2572 854 2648 ad
883 2599 1012 2672 reges,
1057 2598 1152 2676 quos
1218 2644 1224 2657 ,

110 2685 212 2766 Deus
242 2688 277 2759 in
315 2682 438 2758 furore
464 2686 528 2759 suo
550 2680 680 2758 dediiie
705 2684 754 2758 est
780 2686 1013 2762 contestatus:
1044 2711 1157 2787 quos·

108 2823 182 2900 que
206 2820 290 2873 cum
320 2809 507 2891 peterent,
551 2798 658 2870 iratus
691 2793 715 2870 l.
748 2792 838 2893 Reg.
869 2794 969 2873 Viil.
1001 2820 1037 2888 7.
1069 2797 1156 2875 Non

109 2913 231 2991 urim,
252 2909 296 2982 ad
316 2906 516 2983 Samuelem
533 2907 645 2991 dixit,
677 2917 711 2981 te
742 2903 966 2995 obiecerunt,
988 2906 1056 3005 sed
1075 2932 1155 3000 me,

109 3048 152 3098 ne
173 3043 317 3115 regnem
333 3019 442 3116 super
478 3041 542 3095 eos.
602 3017 853 3096 Nihilominus
881 3021 1021 3119 placato
1044 3019 1157 3110 Deo,

110 3135 251 3233 semper
271 3131 386 3231 aliqua
406 3129 611 3208 conservata
641 3130 710 3207 fuit
733 3131 939 3210 theocratiae
968 3135 1059 3210 tatio
1084 3157 1159 3211 me·

110 3247 296 3323 diantibus
327 3242 513 3342 prophetis
541 3242 732 3342 praesertim
760 3260 796 3319 et
838 3245 1039 3321 sacerdotio
1072 3245 1158 3321 levi.

111 3363 216 3435 tico:
247 3380 358 3455 penes
391 3355 493 3456 quod
524 3358 630 3432 etiam
655 3357 830 3454 proximis
859 3378 942 3433 ante
974 3357 1157 3435 Christum

110 3470 236 3547 seculis
260 3468 341 3566 post
366 3468 520 3544 reditum
549 3471 787 3565 amptivitate
808 3465 1025 3568 Babylonica
1049 3473 1084 3545 in
1104 3471 1159 3550 su·

110 3582 258 3684 perstite
284 3581 381 3656 tribu
405 3579 490 3658 luda
512 3579 640 3678 regalis
664 3579 817 3681 potestas
842 3578 1042 3682 permanfit.

170 3740 499 3836 Quemadmodum
520 3764 608 3818 vero
638 3744 675 3818 in
702 3741 856 3818 adventu
881 3739 1012 3821 Meffiae
1029 3741 1163 3822 Christi

112 3855 276 3938 Domini
295 3849 406 3931 iatius
422 3855 471 3931 est
493 3856 714 3955 principatus
732 3855 834 3958 super
848 3852 1040 3936 humerum
1068 3858 1165 3959 eius3

583 3965 617 4048 C
647 3988 677 4063 4
1058 3969 1109 4045 ite

151 4077 190 4154 a)
213 4069 284 4153 opt
316 4068 370 4143 tt.
395 4087 443 4139 η.
466 4073 530 4137 &n-
