2506 4958
266 150 416 300 regnum
436 197 565 293 Christi
583 179 764 280 irritetis.
786 208 816 278 e.
840 196 964 278 XLII.
1079 215 1129 296 αἱ,
1204 262 1207 267 .

96 381 270 452 ioannem
290 363 436 444 XXlll.
456 368 492 440 in
511 364 670 442 concilio
690 361 802 442 Rom.
816 361 985 442 discimus
1000 387 1047 442 ex
1059 368 1136 446 eins

103 477 193 561 iulla
217 479 309 556 edita
340 501 357 552 a
383 475 553 554 Labbeo:
583 478 643 554 cui
672 476 782 552 altera
805 475 962 552 eiusdem
991 477 1137 558 loannis

105 589 244 670 ³LXlll.
274 592 436 687 iungitur
464 591 501 663 in
527 588 622 664 bulla
654 585 804 664 Martini
832 583 877 664 V.
903 585 1138 669 confirmato·

127 731 146 780 a
166 703 313 780 concilii
336 699 639 787 Constantienfis,
671 723 778 800 quam
804 701 941 799 primus
964 724 1011 776 ex
1035 726 1139 802 rege.

126 843 149 889 o
167 815 377 892 authentico
395 809 506 888 edidit
518 809 729 888 Emmanuel
746 810 958 888 Schelslrate
972 816 1064 890 inter
1079 840 1139 898 ec·
1163 859 1166 865 ,

121 960 130 999 t
152 942 188 1004 et
209 926 305 1025 gesta
330 925 610 1004 Constantienhs
629 921 775 1000 concilii
795 922 952 1001 subnexa
975 927 1138 1029 mactetui

120 1063 137 1112 e
167 1035 274 1135 sensu
302 1049 335 1112 et
365 1038 575 1112 nudoritute
616 1036 834 1113 decretorum
875 1033 1137 1128 Constantienss

125 1148 237 1224 racilii
262 1147 401 1248 sefflone
429 1159 559 1244 quarta
591 1158 625 1224 ei
655 1149 781 1243 quinta
810 1148 907 1223 circo
937 1146 1137 1246 potestatem

118 1253 349 1351 selefinllicum'
376 1261 573 1337 editorum:
617 1262 720 1338 cuius
749 1260 923 1336 nimirum
952 1263 1137 1362 potestatis

107 1376 315 1454 :ommunio
340 1376 431 1450 inter
457 1373 616 1450 summos
644 1369 805 1450 Ecclesiae
828 1373 988 1473 pallores
1015 1379 1139 1475 ponti.

124 1510 201 1562 eem
234 1501 270 1563 et
296 1487 487 1586 episcopos
522 1485 811 1573 labefatlabntur,
861 1483 1048 1588 visumque
1087 1488 1138 1566 est

102 1597 410 1675 indormientem
449 1621 496 1674 ex
521 1596 799 1675 confirmatione
829 1593 980 1674 Martini
1007 1596 1053 1676 V.
1081 1624 1140 1678 ac-

97 1744 107 1788 i
123 1710 255 1787 rescere
277 1710 368 1796 illis,
400 1712 463 1810 qui
488 1732 533 1784 ex
561 1708 714 1808 obliquo
738 1710 897 1785 tunicam
924 1709 1058 1788 Christi
1082 1714 1139 1790 in-

97 1818 311 1900 consutilem
341 1823 518 1906 scindere,
565 1820 734 1917 religioni
770 1815 830 1892 llbi
860 1842 937 1895 non
970 1820 1137 1912 ducunt,

97 1932 320 2011 collifionem
343 1936 435 2006 inter
456 1930 630 2030 summor
646 1924 808 2007 Ecclehae
833 1928 1013 2028 pastores.
1045 1956 1141 2031 pon.

95 2046 232 2122 tificem
256 2043 507 2141 etepiscopos
531 2039 688 2127 faciunt,
718 2063 760 2118 ac
780 2041 1064 2119 contentionum
1089 2043 1140 2121 se-

97 2159 199 2232 mina
222 2155 414 2254 spargunt,
446 2151 679 2230 hierarchiam
704 2148 971 2240 ecclefiasticam
992 2154 1140 2234 inter-se
1192 2190 1200 2207 1

97 2268 369 2345 committendo
401 2269 439 2342 in
475 2263 729 2342 successoribus
758 2263 1028 2362 apostolorum,
1069 2291 1139 2368 pro

99 2385 232 2479 quibus
266 2380 428 2458 Christus
458 2382 494 2454 in
523 2378 648 2456 ultima
676 2376 735 2455 sua
760 2379 928 2454 oratione
950 2392 1035 2455 ante
1063 2379 1141 2480 pas·

101 2491 237 2567 sionem
266 2511 302 2568 et
325 2489 534 2568 sacrificium
561 2492 678 2567 crucis
703 2512 774 2587 pro
796 2489 1048 2591 redemptione
1072 2491 1140 2569 hu-

103 2629 225 2690 mana,
258 2622 296 2681 nt
319 2628 425 2679 renone
433 2600 614 2699 fundum,
645 2598 853 2677 catholicum
868 2610 902 2676 et
921 2598 1139 2698 apostoticam
1231 2637 1234 2643 ·

101 2704 291 2794 Eccleham
308 2716 368 2792 libi
382 2715 543 2814 sponsam
560 2711 743 2798 assereret,
761 2726 836 2788 tam
851 2713 1017 2792 ardenter
1033 2738 1141 2813 roga·

104 2832 155 2903 vit
186 2827 346 2905 Patrem:
381 2850 491 2903 anum
522 2824 594 2901 hoc
626 2823 823 2923 specialiter
847 2847 981 2918 orans;
1010 2837 1052 2901 ut
1074 2824 1141 2914 snt

104 2964 237 3026 rrnrnn,
282 2941 382 3040 quod
414 2939 464 3012 isli
497 2959 595 3013 nunc
623 2938 769 3012 unitatis
797 2936 982 3015 vinculum
1013 2938 1142 3039 susque

106 3052 224 3150 deque
252 3070 387 3127 vertere
411 3050 658 3136 contendunt,
689 3046 771 3124 illos
796 3049 890 3149 ipsos
909 3050 1141 3129 obvertentes

105 3163 318 3241 successores
344 3162 617 3260 apostolorum,
643 3183 715 3260 pro
739 3163 869 3261 quibus
900 3161 986 3240 latia
1009 3164 1059 3240 est
1080 3163 1142 3240 illa

106 3278 239 3354 Chrilli
261 3277 485 3375 deprecatio,
515 3288 622 3372 atque
641 3272 685 3348 ad
707 3273 742 3348 id
766 3274 916 3372 quidem
932 3275 1143 3352 obtendunt

105 3391 294 3487 augustum
326 3389 425 3463 illnm
456 3383 715 3461 hierarchicum
736 3384 958 3473 consessum,
1000 3388 1037 3461 in
1065 3410 1141 3486 quo

105 3502 160 3577 vel
187 3504 342 3576 maxime
363 3501 485 3575 locum
512 3497 640 3572 habere
657 3496 764 3573 debet
784 3497 842 3575 illa
865 3503 1004 3584 onitas,
1036 3502 1142 3576 unio·

108 3638 180 3710 que
205 3612 410 3688 hierarchici
433 3610 603 3709 >corporis
630 3610 669 3684 in
702 3607 847 3708 hogulis
874 3611 942 3688 suis
971 3612 1143 3688 membris

110 3724 336 3800 hierarchicis
362 3748 446 3800 cum
475 3723 538 3798 suo
567 3723 705 3821 capite,
753 3737 882 3798 centro
914 3725 1061 3800 unionis
1087 3748 1145 3801 ec·

109 3834 324 3923 clehallicae,
370 3834 538 3913 Romano
563 3832 748 3935 pontifice.
807 3832 899 3940 Nec¹
917 3849 1061 3914 veretur
1082 3836 1144 3914 ad·

993 3963 1087 4043 versa
