2506 4958
194 292 200 307 ‚
246 222 396 301 regnum
426 196 557 293 Christi
574 202 614 277 in
633 202 754 282 terris.
782 224 810 281 c.
840 200 968 283 XXII.
1060 228 1129 299 171

60 363 80 427 ¹·
137 360 207 445 bnt
228 386 308 443 aru
331 358 485 445 ecclesio
516 362 565 443 iili
593 361 732 449 addici,
761 364 806 440 ad
842 386 950 469 quam
979 364 1136 467 episcopi

60 486 74 535 ¹
126 474 237 566 lude,
265 488 305 553 et
324 472 514 555 Romanus
541 474 801 581 rescripsissent

192 636 294 719 luter
312 658 468 717 canones
493 634 736 738 apostolicos,
754 660 846 738 quos
864 634 1077 737 Beveregiur
1101 656 1137 716 et

116 750 167 829 aiii
185 748 362 831 collectos
387 770 432 825 ex
460 745 623 825 conciliis
653 746 795 825 secundi
825 765 861 824 et
893 752 985 824 tertii
1014 750 1134 835 seculi,

112 880 216 965 atque
236 858 399 940 Ecclefiae
421 860 609 961 primitivae
636 858 856 957 disciplinam
885 883 929 936 ear
955 862 994 938 iis
1020 861 1137 939 aduri·

110 976 291 1055 nistratam
305 966 753 1070 fuiffe'teneut(antequam
773 970 1017 1047 dividerentur
1040 973 1137 1049 bona

107 1082 353 1171 monastica,
367 1072 416 1159 'et
434 1078 637 1179 {ingiiiatiur
660 1084 696 1156 in
717 1083 975 1182 proprietatem
1003 1083 1137 1163 adscri-

107 1190 300 1283 berentur)
315 1190 601 1295 quadragesimus
636 1194 773 1293 primus
791 1195 952 1292 praecipit
971 1250 994 1285 ,‚
1023 1211 1063 1271 ut
1100 1198 1137 1272 iu

105 1364 130 1405 „
155 1308 339 1411 potestate
359 1303 418 1381 sua
440 1302 627 1405 episcopua
652 1301 804 1383 ecclesia
827 1302 890 1379 re's'
905 1302 1039 1382 habeat.
1100 1305 1138 1383 Si

107 1476 132 1517 ,‚
158 1420 261 1497 euim
283 1418 411 1494 auimae
431 1414 622 1497 hommum
648 1413 810 1514 pretiosa
843 1413 999 1493 illidunt
1020 1417 1138 1493 credi.

106 1586 133 1630 „
160 1548 228 1619 tae,
260 1524 514 1625 multomagis
541 1540 688 1627 oportet
714 1549 797 1605 eum
822 1549 945 1603 curam
969 1532 1137 1628 pecuniu-

107 1698 131 1739 „
158 1662 242 1723 rum
268 1660 416 1739 gerere,
447 1640 495 1714 ita
525 1652 565 1716 ut
595 1637 768 1738 potestate
792 1638 868 1717 eius
894 1638 1139 1737 indigentibus

106 1808 133 1851 „
160 1753 288 1831 omnia
301 1747 545 1850 dispenieutur
559 1772 621 1848 per
643 1738 871 1850 presbyteros
887 1764 923 1826 et
942 1749 1138 1839 diaconos,

109 1922 133 1961 „
163 1879 297 1940 etcum
309 1862 442 1941 timore
453 1862 627 1960 omnique
643 1858 868 1938 solicitudine
882 1862 1136 1942 ministrentur.
1198 1884 1201 1888 ·

107 2032 133 2071 „
163 1970 219 2057 Ex
238 1975 280 2049 iia
299 1988 441 2059 autem,
468 1971 598 2072 quibus
618 1970 777 2070 indiget,
806 1968 965 2048 {itamen
986 1972 1140 2071 indiget,

108 2142 133 2183 „
158 2086 239 2162 suat
268 2080 483 2160 neceffitates
512 2097 548 2157 et
574 2085 849 2181 peregrinorum
879 2082 1028 2159 fratrum
1058 2082 1140 2160 usos

108 2254 134 2293 u
155 2196 232 2297 ipso
253 2198 444 2295 percipiat,
475 2208 515 2271 ut
534 2192 622 2275 nihil
642 2190 747 2295 poffit
764 2196 814 2271 eis
836 2199 991 2270 omniuo
1015 2190 1143 2283 deeffo,

110 2366 135 2405 ,‚
163 2304 245 2387 Lex
271 2307 366 2381 euim
390 2303 461 2388 Dei
483 2307 664 2406 praecipit,
695 2320 736 2383 ut
760 2307 822 2404 qui
845 2306 945 2381 altari
971 2305 1139 2391 deservit,

111 2476 136 2514 „
164 2416 212 2495 de
249 2416 349 2493 altari
384 2414 560 2516 pascatur:
595 2418 679 2516 quia
714 2440 782 2496 nec
816 2416 918 2493 miles
962 2417 1141 2516 stipendiis

112 2588 136 2625 ,‚
166 2530 322 2630 propriis
339 2526 456 2604 hostes
475 2546 509 2603 et
532 2551 628 2611 arma
645 2527 789 2604 sustulit.
805 2583 827 2619 „
887 2528 982 2624 Quae
1018 2529 1062 2604 de
1078 2528 1146 2602 lar.

111 2644 170 2740 gis
190 2639 433 2720 oblationibus
456 2636 632 2723 fidelium,
661 2653 768 2739 atque
791 2662 835 2715 ex
858 2642 983 2717 iisdem
1002 2640 1145 2737 anaplii·

115 2750 213 2829 fiuiis
236 2748 493 2849 eleemosynis,
524 2747 700 2829 Romanae
726 2748 875 2829 ecciefiae
899 2755 1143 2835 nominatim,

115 2866 155 2943 in
173 2858 433 2955 ,remotiffimas
464 2858 573 2959 usque
600 2861 802 2959 provincias
830 2863 1011 2948 diximus,
1040 2861 1143 2943 facile

117 2971 352 3076 persuadent,
370 2968 555 3051 stimuiaiie
573 2994 648 3048 rem
668 2971 937 3072 persecutorum
959 2975 1143 3058 invidiam,

114 3086 372 3184 avaritiamque
380 3107 393 3177 ;
421 3082 531 3160 veluti
554 3080 661 3159 fidem
687 3083 820 3182 legitur
839 3082 969 3163 dediiie
992 3083 1147 3162 Praetex·

117 3211 214 3275 tatus
249 3198 303 3271 vir
335 3194 554 3273 consularis:
593 3194 757 3273 futurum
790 3196 852 3286 se,
895 3194 920 3283 ii
958 3194 1145 3275 Romanus

116 3305 287 3411 pontifex
308 3306 424 3394 foret,
454 3304 694 3389 christianum.

203 3465 287 3545 Nec
319 3468 450 3543 mirum
484 3466 685 3554 uidebitur,
718 3466 889 3550 diaconos
920 3466 1145 3567 praeprimis,

118 3602 231 3681 penes
253 3600 347 3680 quot
370 3600 490 3658 rerum
511 3577 767 3657 administratio
789 3595 885 3666 erat,
916 3594 988 3656 tam
1014 3581 1147 3655 atroci·

115 3695 185 3772 bus
216 3691 406 3770 tormentis
431 3693 609 3767 cruciatos
631 3687 742 3768 iuiise.
759 3742 782 3782 „
812 3692 981 3769 Armatur
1006 3692 1147 3790 itaque,

115 3860 142 3898 „
170 3813 211 3881 ui
241 3803 282 3880 de
302 3800 338 3881 S.
364 3800 558 3880 Laurentio
584 3798 620 3883 S
656 3799 724 3899 Lao
738 3797 777 3892 o)
794 3798 975 3899 loquitur,
1004 3805 1150 3901 gemina

1046 3913 1095 3995 ia·

162 4021 197 4098 ι)
216 4018 310 4085 Serm.
334 4026 385 4098 ῃ.
