<?xml version="1.0" encoding="UTF-8"?>
<!DOCTYPE html PUBLIC "-//W3C//DTD XHTML 1.0 Transitional//EN"
    "http://www.w3.org/TR/xhtml1/DTD/xhtml1-transitional.dtd">
<html xmlns="http://www.w3.org/1999/xhtml" xml:lang="en" lang="en">
 <head>
  <title>
</title>
<meta http-equiv="Content-Type" content="text/html;charset=utf-8" />
  <meta name='ocr-system' content='tesseract 3.04.00' />
  <meta name='ocr-capabilities' content='ocr_page ocr_carea ocr_par ocr_line ocrx_word'/>
</head>
<body>
  <div class='ocr_page' id='page_1' title='image "./ecclesiamilitan01gerbgoog_0099.png"; bbox 0 0 2506 4958; ppageno 0'>
   <div class='ocr_carea' id='block_1_1' title="bbox 20 532 842 657">
    <p class='ocr_par' dir='ltr' id='par_1_1' title="bbox 20 532 842 657">
     <span class='ocr_line' id='line_1_1' title="bbox 20 532 842 657; baseline -0.004 -39"><span class='ocrx_word' id='word_1_1' title='bbox 20 640 29 657; x_wconf 91' lang='lat'><strong><em>.</em></strong></span> <span class='ocrx_word' id='word_1_2' title='bbox 151 549 209 635; x_wconf 82' lang='lat'>76</span> <span class='ocrx_word' id='word_1_3' title='bbox 507 532 654 631; x_wconf 74' lang='lat' dir='ltr'>Ecciefia</span> <span class='ocrx_word' id='word_1_4' title='bbox 680 534 842 615; x_wconf 77' lang='lat' dir='ltr'>militans</span> 
     </span>
    </p>
   </div>
   <div class='ocr_carea' id='block_1_2' title="bbox 17 698 1200 907">
    <p class='ocr_par' dir='ltr' id='par_1_2' title="bbox 17 698 1200 907">
     <span class='ocr_line' id='line_1_2' title="bbox 17 698 1200 813; baseline 0.004 -38"><span class='ocrx_word' id='word_1_5' title='bbox 17 808 20 813; x_wconf 22' lang='grc' dir='ltr'>Ι</span> <span class='ocrx_word' id='word_1_6' title='bbox 151 756 175 795; x_wconf 86' lang='grc'>,,</span> <span class='ocrx_word' id='word_1_7' title='bbox 204 700 237 776; x_wconf 84' lang='lat' dir='ltr'>ia</span> <span class='ocrx_word' id='word_1_8' title='bbox 269 698 383 785; x_wconf 85' lang='lat' dir='ltr'><strong>suite,</strong></span> <span class='ocrx_word' id='word_1_9' title='bbox 414 720 458 777; x_wconf 86' lang='lat' dir='ltr'>ce</span> <span class='ocrx_word' id='word_1_10' title='bbox 475 699 562 779; x_wconf 77' lang='lat' dir='ltr'>n&#39;est</span> <span class='ocrx_word' id='word_1_11' title='bbox 581 698 664 809; x_wconf 83' lang='lat' dir='ltr'><strong>plus</strong></span> <span class='ocrx_word' id='word_1_12' title='bbox 683 722 755 779; x_wconf 85' lang='lat' dir='ltr'>une</span> <span class='ocrx_word' id='word_1_13' title='bbox 770 698 990 805; x_wconf 69' lang='lat' dir='ltr'><strong>prophetia,</strong></span> <span class='ocrx_word' id='word_1_14' title='bbox 1019 700 1110 780; x_wconf 77' lang='lat' dir='ltr'>mais</span> <span class='ocrx_word' id='word_1_15' title='bbox 1127 720 1200 780; x_wconf 81' lang='lat' dir='ltr'>une</span> 
     </span>
     <span class='ocr_line' id='line_1_3' title="bbox 150 811 446 907; baseline -0.007 -17"><span class='ocrx_word' id='word_1_16' title='bbox 150 869 175 907; x_wconf 87' lang='lat'>„</span> <span class='ocrx_word' id='word_1_17' title='bbox 204 812 353 889; x_wconf 83' lang='lat' dir='ltr'>histoire</span> <span class='ocrx_word' id='word_1_18' title='bbox 376 811 446 889; x_wconf 70' lang='grc' dir='ltr'>διο.</span> 
     </span>
    </p>
   </div>
   <div class='ocr_carea' id='block_1_3' title="bbox 38 1013 1199 1091">
    <p class='ocr_par' dir='ltr' id='par_1_3' title="bbox 38 1013 1199 1091">
     <span class='ocr_line' id='line_1_4' title="bbox 38 1013 1199 1091; baseline -0.014 0"><span class='ocrx_word' id='word_1_19' title='bbox 38 1076 47 1091; x_wconf 81' lang='grc'><em>,</em></span> <span class='ocrx_word' id='word_1_20' title='bbox 160 1013 1199 1082; x_wconf 64' lang='lat' dir='ltr'><em>m</em></span> 
     </span>
    </p>
   </div>
   <div class='ocr_carea' id='block_1_4' title="bbox 480 1187 890 1271">
    <p class='ocr_par' dir='ltr' id='par_1_4' title="bbox 480 1187 890 1271">
     <span class='ocr_line' id='line_1_5' title="bbox 480 1187 890 1271; baseline -0.005 0"><span class='ocrx_word' id='word_1_21' title='bbox 480 1187 890 1271; x_wconf 70' lang='lat' dir='ltr'>caruaXV.</span> 
     </span>
    </p>
   </div>
   <div class='ocr_carea' id='block_1_5' title="bbox 211 1348 1148 1545">
    <p class='ocr_par' dir='ltr' id='par_1_5' title="bbox 211 1348 1148 1545">
     <span class='ocr_line' id='line_1_6' title="bbox 211 1348 1148 1455; baseline -0.003 -22"><span class='ocrx_word' id='word_1_22' title='bbox 211 1349 395 1455; x_wconf 72' lang='lat' dir='ltr'>Prqfana,</span> <span class='ocrx_word' id='word_1_23' title='bbox 415 1374 487 1431; x_wconf 79' lang='lat' dir='ltr'>non</span> <span class='ocrx_word' id='word_1_24' title='bbox 513 1349 730 1449; x_wconf 79' lang='lat' dir='ltr'>ecclafialiica</span> <span class='ocrx_word' id='word_1_25' title='bbox 754 1350 867 1433; x_wconf 81' lang='lat' dir='ltr'>Roma</span> <span class='ocrx_word' id='word_1_26' title='bbox 893 1354 933 1430; x_wconf 86' lang='lat' dir='ltr'>in</span> <span class='ocrx_word' id='word_1_27' title='bbox 950 1348 1148 1452; x_wconf 66' lang='lat' dir='ltr'>Apocalypsi</span> 
     </span>
     <span class='ocr_line' id='line_1_7' title="bbox 616 1476 750 1545; baseline 0.03 -4"><span class='ocrx_word' id='word_1_28' title='bbox 616 1476 750 1545; x_wconf 81' lang='lat' dir='ltr'>notata.</span> 
     </span>
    </p>
   </div>
   <div class='ocr_carea' id='block_1_6' title="bbox 74 1632 1217 4294">
    <p class='ocr_par' dir='ltr' id='par_1_6' title="bbox 74 1632 1217 4294">
     <span class='ocr_line' id='line_1_8' title="bbox 152 1632 1202 1810; baseline -0.002 -88"><span class='ocrx_word' id='word_1_29' title='bbox 152 1632 281 1810; x_wconf 85' lang='lat' dir='ltr'>Hoc</span> <span class='ocrx_word' id='word_1_30' title='bbox 307 1665 398 1721; x_wconf 82' lang='lat' dir='ltr'>vero</span> <span class='ocrx_word' id='word_1_31' title='bbox 420 1640 539 1743; x_wconf 76' lang='lat' dir='ltr'>panim</span> <span class='ocrx_word' id='word_1_32' title='bbox 566 1646 642 1745; x_wconf 84' lang='lat' dir='ltr'>agit</span> <span class='ocrx_word' id='word_1_33' title='bbox 662 1640 810 1729; x_wconf 81' lang='lat' dir='ltr'>Boffuet</span> <span class='ocrx_word' id='word_1_34' title='bbox 840 1668 929 1722; x_wconf 81' lang='lat' dir='ltr'>mox</span> <span class='ocrx_word' id='word_1_35' title='bbox 957 1644 995 1721; x_wconf 88' lang='lat' dir='ltr'>in</span> <span class='ocrx_word' id='word_1_36' title='bbox 1023 1643 1202 1745; x_wconf 81' lang='lat' dir='ltr'>praefatio-</span> 
     </span>
     <span class='ocr_line' id='line_1_9' title="bbox 132 1757 1200 1857; baseline -0.001 -24"><span class='ocrx_word' id='word_1_37' title='bbox 132 1764 138 1779; x_wconf 83' lang='grc'><em>“</em></span> <span class='ocrx_word' id='word_1_38' title='bbox 259 1758 574 1833; x_wconf 82' lang='lat' dir='ltr'>necomnaentarii</span> <span class='ocrx_word' id='word_1_39' title='bbox 593 1759 632 1831; x_wconf 88' lang='lat' dir='ltr'>in</span> <span class='ocrx_word' id='word_1_40' title='bbox 654 1757 768 1857; x_wconf 80' lang='lat' dir='ltr'>Apoc.</span> <span class='ocrx_word' id='word_1_41' title='bbox 794 1780 828 1833; x_wconf 88' lang='lat' dir='ltr'>n.</span> <span class='ocrx_word' id='word_1_42' title='bbox 857 1780 893 1845; x_wconf 89' lang='lat'>9.</span> <span class='ocrx_word' id='word_1_43' title='bbox 926 1759 995 1835; x_wconf 63' lang='lat' dir='ltr'>&amp;a</span> <span class='ocrx_word' id='word_1_44' title='bbox 1027 1757 1200 1845; x_wconf 85' lang='lat' dir='ltr'>studiose,</span> 
     </span>
     <span class='ocr_line' id='line_1_10' title="bbox 102 1866 1206 1968; baseline -0.009 -15"><span class='ocrx_word' id='word_1_45' title='bbox 102 1888 106 1895; x_wconf 86' lang='lat'>&#39;</span> <span class='ocrx_word' id='word_1_46' title='bbox 151 1882 236 1953; x_wconf 84' lang='lat' dir='ltr'>tum</span> <span class='ocrx_word' id='word_1_47' title='bbox 266 1866 385 1967; x_wconf 80' lang='lat' dir='ltr'>passim</span> <span class='ocrx_word' id='word_1_48' title='bbox 408 1871 754 1955; x_wconf 71' lang='lat' dir='ltr'><strong>incommutatio,</strong></span> <span class='ocrx_word' id='word_1_49' title='bbox 786 1883 822 1949; x_wconf 85' lang='lat' dir='ltr'>et</span> <span class='ocrx_word' id='word_1_50' title='bbox 845 1892 925 1967; x_wconf 85' lang='lat' dir='ltr'>quae</span> <span class='ocrx_word' id='word_1_51' title='bbox 945 1892 1027 1944; x_wconf 84' lang='lat' dir='ltr'>eum</span> <span class='ocrx_word' id='word_1_52' title='bbox 1049 1869 1206 1968; x_wconf 76' lang='lat' dir='ltr'>sequun-</span> 
     </span>
     <span class='ocr_line' id='line_1_11' title="bbox 152 1976 1205 2079; baseline -0.005 -20"><span class='ocrx_word' id='word_1_53' title='bbox 152 1994 216 2065; x_wconf 75' lang='lat' dir='ltr'>tur</span> <span class='ocrx_word' id='word_1_54' title='bbox 255 1982 292 2061; x_wconf 81' lang='lat' dir='ltr'>in</span> <span class='ocrx_word' id='word_1_55' title='bbox 328 1978 513 2057; x_wconf 83' lang='lat' dir='ltr'>novissinaa</span> <span class='ocrx_word' id='word_1_56' title='bbox 551 1978 653 2064; x_wconf 81' lang='lat' dir='ltr'>Paris.</span> <span class='ocrx_word' id='word_1_57' title='bbox 710 1980 794 2057; x_wconf 88' lang='lat' dir='ltr'><strong>edit.</strong></span> <span class='ocrx_word' id='word_1_58' title='bbox 835 1976 1102 2079; x_wconf 58' lang='lat' dir='ltr'>Avertiiffament</span> <span class='ocrx_word' id='word_1_59' title='bbox 1129 2003 1205 2054; x_wconf 80' lang='lat' dir='ltr'>aux</span> 
     </span>
     <span class='ocr_line' id='line_1_12' title="bbox 153 2086 1206 2193; baseline -0.005 -20"><span class='ocrx_word' id='word_1_60' title='bbox 153 2086 392 2179; x_wconf 63' lang='lat' dir='ltr'><em>Prolem,</em></span> <span class='ocrx_word' id='word_1_61' title='bbox 448 2109 485 2173; x_wconf 84' lang='lat' dir='ltr'>et</span> <span class='ocrx_word' id='word_1_62' title='bbox 510 2088 794 2189; x_wconf 70' lang='lat' dir='ltr'>Recapiautaaan</span> <span class='ocrx_word' id='word_1_63' title='bbox 820 2090 890 2193; x_wconf 81' lang='lat' dir='ltr'>sur</span> <span class='ocrx_word' id='word_1_64' title='bbox 927 2089 1133 2191; x_wconf 60' lang='lat' dir='ltr'>Apocabpsa</span> <span class='ocrx_word' id='word_1_65' title='bbox 1168 2106 1206 2169; x_wconf 90' lang='lat' dir='ltr'>et</span> 
     </span>
     <span class='ocr_line' id='line_1_13' title="bbox 155 2196 1205 2297; baseline -0.009 -12"><span class='ocrx_word' id='word_1_66' title='bbox 155 2228 251 2285; x_wconf 83' lang='lat' dir='ltr'>mox</span> <span class='ocrx_word' id='word_1_67' title='bbox 272 2220 471 2283; x_wconf 87' lang='lat' dir='ltr'>memorata</span> <span class='ocrx_word' id='word_1_68' title='bbox 500 2204 808 2282; x_wconf 84' lang='lat' dir='ltr'>demonstratione</span> <span class='ocrx_word' id='word_1_69' title='bbox 833 2203 875 2283; x_wconf 74' lang='lat' dir='ltr'>de</span> <span class='ocrx_word' id='word_1_70' title='bbox 899 2196 1037 2283; x_wconf 73' lang='lat' dir='ltr'>excidio</span> <span class='ocrx_word' id='word_1_71' title='bbox 1057 2202 1205 2297; x_wconf 77' lang='lat' dir='ltr'>Babylo.</span> 
     </span>
     <span class='ocr_line' id='line_1_14' title="bbox 154 2312 1204 2417; baseline -0.003 -23"><span class='ocrx_word' id='word_1_72' title='bbox 154 2320 244 2405; x_wconf 84' lang='lat' dir='ltr'>nis,</span> <span class='ocrx_word' id='word_1_73' title='bbox 283 2329 324 2396; x_wconf 91' lang='lat' dir='ltr'>ut</span> <span class='ocrx_word' id='word_1_74' title='bbox 354 2313 520 2392; x_wconf 87' lang='lat' dir='ltr'>ostendat</span> <span class='ocrx_word' id='word_1_75' title='bbox 551 2312 727 2416; x_wconf 80' lang='lat' dir='ltr'>Babyloni</span> <span class='ocrx_word' id='word_1_76' title='bbox 766 2314 1032 2417; x_wconf 81' lang='lat' dir='ltr'>Apocalypticae</span> <span class='ocrx_word' id='word_1_77' title='bbox 1062 2316 1204 2394; x_wconf 81' lang='lat' dir='ltr'><strong>nullum</strong></span> 
     </span>
     <span class='ocr_line' id='line_1_15' title="bbox 74 2424 1206 2525; baseline -0.003 -17"><span class='ocrx_word' id='word_1_78' title='bbox 74 2458 80 2473; x_wconf 62' lang='lat'><strong>⁴</strong></span> <span class='ocrx_word' id='word_1_79' title='bbox 154 2432 312 2509; x_wconf 86' lang='lat' dir='ltr'><strong>omnino</strong></span> <span class='ocrx_word' id='word_1_80' title='bbox 333 2424 430 2525; x_wconf 86' lang='lat' dir='ltr'>affigi</span> <span class='ocrx_word' id='word_1_81' title='bbox 452 2430 647 2509; x_wconf 77' lang='lat' dir='ltr'>christiana</span> <span class='ocrx_word' id='word_1_82' title='bbox 670 2428 828 2506; x_wconf 73' lang='lat' dir='ltr'>Ecclesia</span> <span class='ocrx_word' id='word_1_83' title='bbox 845 2429 1109 2513; x_wconf 69' lang='lat' dir='ltr'>charaiierem‚</span> <span class='ocrx_word' id='word_1_84' title='bbox 1145 2427 1206 2505; x_wconf 81' lang='lat' dir='ltr'>sed</span> 
     </span>
     <span class='ocr_line' id='line_1_16' title="bbox 155 2537 1207 2643; baseline -0.005 -23"><span class='ocrx_word' id='word_1_85' title='bbox 155 2544 288 2643; x_wconf 84' lang='lat' dir='ltr'>apertis</span> <span class='ocrx_word' id='word_1_86' title='bbox 319 2540 435 2621; x_wconf 86' lang='lat' dir='ltr'><strong>verbis</strong></span> <span class='ocrx_word' id='word_1_87' title='bbox 463 2537 622 2621; x_wconf 84' lang='lat' dir='ltr'>Romam</span> <span class='ocrx_word' id='word_1_88' title='bbox 655 2541 843 2636; x_wconf 83' lang='lat' dir='ltr'>profanam</span> <span class='ocrx_word' id='word_1_89' title='bbox 875 2563 915 2615; x_wconf 87' lang='lat' dir='ltr'>ac</span> <span class='ocrx_word' id='word_1_90' title='bbox 938 2540 1042 2617; x_wconf 87' lang='lat' dir='ltr'><strong>civile</strong></span> <span class='ocrx_word' id='word_1_91' title='bbox 1071 2539 1207 2616; x_wconf 86' lang='lat' dir='ltr'>Roma-</span> 
     </span>
     <span class='ocr_line' id='line_1_17' title="bbox 156 2648 1206 2751; baseline -0.001 -24"><span class='ocrx_word' id='word_1_92' title='bbox 156 2678 248 2735; x_wconf 85' lang='lat' dir='ltr'>num</span> <span class='ocrx_word' id='word_1_93' title='bbox 276 2653 468 2751; x_wconf 84' lang='lat' dir='ltr'><strong>imperium</strong></span> <span class='ocrx_word' id='word_1_94' title='bbox 498 2650 724 2746; x_wconf 73' lang='lat' dir='ltr'>praeseferre,</span> <span class='ocrx_word' id='word_1_95' title='bbox 755 2650 856 2746; x_wconf 87' lang='lat' dir='ltr'>quod</span> <span class='ocrx_word' id='word_1_96' title='bbox 882 2650 938 2725; x_wconf 90' lang='lat' dir='ltr'>vel</span> <span class='ocrx_word' id='word_1_97' title='bbox 960 2648 1020 2748; x_wconf 84' lang='lat' dir='ltr'>ipfi</span> <span class='ocrx_word' id='word_1_98' title='bbox 1048 2652 1206 2726; x_wconf 82' lang='lat' dir='ltr'>adversa-</span> 
     </span>
     <span class='ocr_line' id='line_1_18' title="bbox 156 2757 1208 2858; baseline -0.005 -15"><span class='ocrx_word' id='word_1_99' title='bbox 156 2768 203 2843; x_wconf 84' lang='lat' dir='ltr'>tii</span> <span class='ocrx_word' id='word_1_100' title='bbox 238 2759 381 2840; x_wconf 82' lang='lat' dir='ltr'><strong>diffiteri</strong></span> <span class='ocrx_word' id='word_1_101' title='bbox 419 2784 494 2835; x_wconf 85' lang='lat' dir='ltr'>non</span> <span class='ocrx_word' id='word_1_102' title='bbox 535 2757 711 2858; x_wconf 83' lang='lat' dir='ltr'>poffunt,</span> <span class='ocrx_word' id='word_1_103' title='bbox 755 2760 897 2857; x_wconf 85' lang='lat' dir='ltr'>qualem</span> <span class='ocrx_word' id='word_1_104' title='bbox 928 2760 1208 2838; x_wconf 82' lang='lat' dir='ltr'>recentiffinaum</span> 
     </span>
     <span class='ocr_line' id='line_1_19' title="bbox 156 2868 1210 2959; baseline -0.013 -7"><span class='ocrx_word' id='word_1_105' title='bbox 156 2878 287 2959; x_wconf 88' lang='lat' dir='ltr'>notavi</span> <span class='ocrx_word' id='word_1_106' title='bbox 315 2872 368 2950; x_wconf 87' lang='lat' dir='ltr'>lo.</span> <span class='ocrx_word' id='word_1_107' title='bbox 408 2868 501 2954; x_wconf 84' lang='lat' dir='ltr'>Dav.</span> <span class='ocrx_word' id='word_1_108' title='bbox 522 2870 712 2949; x_wconf 81' lang='lat' dir='ltr'>Michaelis</span> <span class='ocrx_word' id='word_1_109' title='bbox 736 2874 773 2948; x_wconf 85' lang='lat' dir='ltr'>iu</span> <span class='ocrx_word' id='word_1_110' title='bbox 795 2870 1050 2947; x_wconf 74' lang='lat' dir='ltr'>introduitione</span> <span class='ocrx_word' id='word_1_111' title='bbox 1078 2896 1210 2948; x_wconf 73' lang='lat' dir='ltr'>vermi.</span> 
     </span>
     <span class='ocr_line' id='line_1_20' title="bbox 155 2980 1208 3081; baseline -0.009 -10"><span class='ocrx_word' id='word_1_112' title='bbox 155 2986 236 3071; x_wconf 78' lang='lat' dir='ltr'>cula</span> <span class='ocrx_word' id='word_1_113' title='bbox 259 2990 299 3063; x_wconf 85' lang='lat' dir='ltr'>in</span> <span class='ocrx_word' id='word_1_114' title='bbox 323 2983 465 3065; x_wconf 80' lang='lat' dir='ltr'>divinas</span> <span class='ocrx_word' id='word_1_115' title='bbox 480 2982 680 3081; x_wconf 79' lang='lat' dir='ltr'>scripturas</span> <span class='ocrx_word' id='word_1_116' title='bbox 704 2988 792 3065; x_wconf 82' lang='lat' dir='ltr'>novi</span> <span class='ocrx_word' id='word_1_117' title='bbox 813 2980 1015 3069; x_wconf 68' lang='lat' dir='ltr'>testamenti.</span> <span class='ocrx_word' id='word_1_118' title='bbox 1074 2983 1112 3073; x_wconf 81' lang='lat' dir='ltr'>a)</span> <span class='ocrx_word' id='word_1_119' title='bbox 1133 2987 1208 3061; x_wconf 74' lang='lat' dir='ltr'>Sea</span> 
     </span>
     <span class='ocr_line' id='line_1_21' title="bbox 157 3095 1211 3207; baseline -0.016 -26"><span class='ocrx_word' id='word_1_120' title='bbox 157 3125 231 3207; x_wconf 89' lang='lat' dir='ltr'>qua</span> <span class='ocrx_word' id='word_1_121' title='bbox 254 3100 376 3178; x_wconf 78' lang='lat' dir='ltr'>fronte</span> <span class='ocrx_word' id='word_1_122' title='bbox 394 3097 454 3174; x_wconf 92' lang='lat' dir='ltr'>hic</span> <span class='ocrx_word' id='word_1_123' title='bbox 476 3097 552 3174; x_wconf 79' lang='lat' dir='ltr'>talis</span> <span class='ocrx_word' id='word_1_124' title='bbox 567 3095 634 3173; x_wconf 80' lang='lat' dir='ltr'><strong>sese</strong></span> <span class='ocrx_word' id='word_1_125' title='bbox 648 3099 849 3196; x_wconf 88' lang='lat' dir='ltr'>coniungat</span> <span class='ocrx_word' id='word_1_126' title='bbox 869 3100 932 3182; x_wconf 87' lang='lat' dir='ltr'><strong>iis,</strong></span> <span class='ocrx_word' id='word_1_127' title='bbox 963 3099 1024 3196; x_wconf 90' lang='lat' dir='ltr'>qui</span> <span class='ocrx_word' id='word_1_128' title='bbox 1051 3095 1211 3199; x_wconf 85' lang='lat' dir='ltr'>superio.</span> 
     </span>
     <span class='ocr_line' id='line_1_22' title="bbox 159 3206 1211 3311; baseline -0.008 -17"><span class='ocrx_word' id='word_1_129' title='bbox 159 3240 200 3294; x_wconf 85' lang='lat' dir='ltr'>re</span> <span class='ocrx_word' id='word_1_130' title='bbox 224 3209 345 3290; x_wconf 80' lang='lat' dir='ltr'><strong>seculo</strong></span> <span class='ocrx_word' id='word_1_131' title='bbox 380 3207 532 3291; x_wconf 86' lang='lat' dir='ltr'><strong>Lutheri</strong></span> <span class='ocrx_word' id='word_1_132' title='bbox 560 3212 597 3284; x_wconf 88' lang='lat' dir='ltr'>in</span> <span class='ocrx_word' id='word_1_133' title='bbox 634 3206 822 3287; x_wconf 81' lang='lat' dir='ltr'>Ecclefiam</span> <span class='ocrx_word' id='word_1_134' title='bbox 854 3206 923 3287; x_wconf 87' lang='lat' dir='ltr'>Dei</span> <span class='ocrx_word' id='word_1_135' title='bbox 954 3208 1211 3311; x_wconf 81' lang='lat' dir='ltr'>blasphemiam</span> 
     </span>
     <span class='ocr_line' id='line_1_23' title="bbox 159 3317 1211 3423; baseline -0.019 -16"><span class='ocrx_word' id='word_1_136' title='bbox 159 3336 408 3407; x_wconf 84' lang='lat' dir='ltr'>recoxerunt,</span> <span class='ocrx_word' id='word_1_137' title='bbox 440 3338 479 3401; x_wconf 89' lang='lat' dir='ltr'>ut</span> <span class='ocrx_word' id='word_1_138' title='bbox 500 3321 680 3423; x_wconf 89' lang='lat' dir='ltr'><strong>quidquid</strong></span> <span class='ocrx_word' id='word_1_139' title='bbox 710 3323 746 3397; x_wconf 90' lang='lat' dir='ltr'>in</span> <span class='ocrx_word' id='word_1_140' title='bbox 776 3317 989 3422; x_wconf 71' lang='lat' dir='ltr'>Apocalypsi</span> <span class='ocrx_word' id='word_1_141' title='bbox 1019 3320 1063 3401; x_wconf 88' lang='lat' dir='ltr'>de</span> <span class='ocrx_word' id='word_1_142' title='bbox 1094 3320 1211 3420; x_wconf 84' lang='lat' dir='ltr'>Baby.</span> 
     </span>
     <span class='ocr_line' id='line_1_24' title="bbox 159 3431 1213 3532; baseline -0.007 -15"><span class='ocrx_word' id='word_1_143' title='bbox 159 3440 279 3524; x_wconf 85' lang='lat' dir='ltr'>lone,</span> <span class='ocrx_word' id='word_1_144' title='bbox 311 3434 439 3520; x_wconf 85' lang='lat' dir='ltr'>bestia,</span> <span class='ocrx_word' id='word_1_145' title='bbox 475 3434 686 3518; x_wconf 82' lang='lat' dir='ltr'><strong>meretrice,</strong></span> <span class='ocrx_word' id='word_1_146' title='bbox 718 3431 938 3513; x_wconf 82' lang='lat' dir='ltr'><strong>Antichristo</strong></span> <span class='ocrx_word' id='word_1_147' title='bbox 969 3434 1075 3508; x_wconf 85' lang='lat' dir='ltr'>etiam</span> <span class='ocrx_word' id='word_1_148' title='bbox 1101 3435 1213 3532; x_wconf 80' lang='lat' dir='ltr'><strong>idque</strong></span> 
     </span>
     <span class='ocr_line' id='line_1_25' title="bbox 159 3541 1213 3650; baseline -0.002 -25"><span class='ocrx_word' id='word_1_149' title='bbox 159 3549 339 3650; x_wconf 83' lang='lat' dir='ltr'><strong>imprimis</strong></span> <span class='ocrx_word' id='word_1_150' title='bbox 371 3543 549 3647; x_wconf 83' lang='lat' dir='ltr'><strong>quidem,</strong></span> <span class='ocrx_word' id='word_1_151' title='bbox 592 3542 800 3630; x_wconf 85' lang='lat' dir='ltr'><strong>diceretur,</strong></span> <span class='ocrx_word' id='word_1_152' title='bbox 847 3541 1020 3623; x_wconf 72' lang='lat' dir='ltr'>Romana</span> <span class='ocrx_word' id='word_1_153' title='bbox 1049 3542 1213 3623; x_wconf 78' lang='lat' dir='ltr'>Ecclefiae</span> 
     </span>
     <span class='ocr_line' id='line_1_26' title="bbox 160 3653 1213 3755; baseline -0.007 -18"><span class='ocrx_word' id='word_1_154' title='bbox 160 3661 321 3749; x_wconf 78' lang='lat' dir='ltr'>inaudita</span> <span class='ocrx_word' id='word_1_155' title='bbox 359 3656 537 3733; x_wconf 78' lang='lat' dir='ltr'>calumnia</span> <span class='ocrx_word' id='word_1_156' title='bbox 575 3653 852 3742; x_wconf 71' lang='lat' dir='ltr'>adscriberent,</span> <span class='ocrx_word' id='word_1_157' title='bbox 902 3670 1023 3731; x_wconf 86' lang='lat' dir='ltr'>totum</span> <span class='ocrx_word' id='word_1_158' title='bbox 1066 3657 1213 3755; x_wconf 80' lang='lat' dir='ltr'>systema</span> 
     </span>
     <span class='ocr_line' id='line_1_27' title="bbox 159 3767 1214 3877; baseline -0.017 -23"><span class='ocrx_word' id='word_1_159' title='bbox 159 3771 466 3877; x_wconf 80' lang='lat' dir='ltr'><strong>Apocalypticum</strong></span> <span class='ocrx_word' id='word_1_160' title='bbox 497 3767 626 3869; x_wconf 83' lang='lat' dir='ltr'>susque</span> <span class='ocrx_word' id='word_1_161' title='bbox 653 3768 772 3867; x_wconf 76' lang='lat' dir='ltr'>deque</span> <span class='ocrx_word' id='word_1_162' title='bbox 794 3782 972 3844; x_wconf 86' lang='lat' dir='ltr'>vertentes</span> <span class='ocrx_word' id='word_1_163' title='bbox 998 3789 1039 3844; x_wconf 91' lang='lat' dir='ltr'>ac</span> <span class='ocrx_word' id='word_1_164' title='bbox 1070 3784 1214 3865; x_wconf 85' lang='lat' dir='ltr'>tempo.</span> 
     </span>
     <span class='ocr_line' id='line_1_28' title="bbox 160 3878 1215 3981; baseline -0.009 -15"><span class='ocrx_word' id='word_1_165' title='bbox 160 3912 223 3981; x_wconf 76' lang='lat'>1³3</span> <span class='ocrx_word' id='word_1_166' title='bbox 255 3888 413 3975; x_wconf 77' lang='lat' dir='ltr'>maxime</span> <span class='ocrx_word' id='word_1_167' title='bbox 446 3879 664 3979; x_wconf 83' lang='lat' dir='ltr'>postremam</span> <span class='ocrx_word' id='word_1_168' title='bbox 693 3879 789 3961; x_wconf 84' lang='lat' dir='ltr'><strong>iliam</strong></span> <span class='ocrx_word' id='word_1_169' title='bbox 818 3896 902 3956; x_wconf 83' lang='lat' dir='ltr'>ante</span> <span class='ocrx_word' id='word_1_170' title='bbox 931 3878 1215 3956; x_wconf 84' lang='lat' dir='ltr'>consummatio·</span> 
     </span>
     <span class='ocr_line' id='line_1_29' title="bbox 161 3991 1215 4090; baseline -0.007 -15"><span class='ocrx_word' id='word_1_171' title='bbox 161 4023 247 4081; x_wconf 85' lang='lat' dir='ltr'>nem</span> <span class='ocrx_word' id='word_1_172' title='bbox 272 3993 376 4073; x_wconf 86' lang='lat' dir='ltr'><strong>seculi</strong></span> <span class='ocrx_word' id='word_1_173' title='bbox 402 3991 608 4074; x_wconf 83' lang='lat' dir='ltr'><strong>Antichristi</strong></span> <span class='ocrx_word' id='word_1_174' title='bbox 638 3991 948 4089; x_wconf 81' lang='lat' dir='ltr'><strong>persecutionem.</strong></span> <span class='ocrx_word' id='word_1_175' title='bbox 990 4014 1068 4090; x_wconf 85' lang='lat' dir='ltr'>quae</span> <span class='ocrx_word' id='word_1_176' title='bbox 1089 3991 1215 4075; x_wconf 79' lang='lat' dir='ltr'>sutura</span> 
     </span>
     <span class='ocr_line' id='line_1_30' title="bbox 161 4101 1217 4212; baseline -0.003 -26"><span class='ocrx_word' id='word_1_177' title='bbox 161 4114 237 4201; x_wconf 71' lang='lat' dir='ltr'>est,</span> <span class='ocrx_word' id='word_1_178' title='bbox 270 4130 354 4189; x_wconf 84' lang='lat' dir='ltr'>cum</span> <span class='ocrx_word' id='word_1_179' title='bbox 386 4104 445 4191; x_wconf 83' lang='lat' dir='ltr'>illa</span> <span class='ocrx_word' id='word_1_180' title='bbox 464 4101 759 4199; x_wconf 73' lang='lat' dir='ltr'>confundentes2</span> <span class='ocrx_word' id='word_1_181' title='bbox 784 4127 864 4211; x_wconf 75' lang='lat' dir='ltr'>qua</span> <span class='ocrx_word' id='word_1_182' title='bbox 885 4102 1024 4187; x_wconf 84' lang='lat' dir='ltr'><strong>dudum</strong></span> <span class='ocrx_word' id='word_1_183' title='bbox 1044 4107 1217 4212; x_wconf 76' lang='lat' dir='ltr'>praeteriit</span> 
     </span>
     <span class='ocr_line' id='line_1_31' title="bbox 1096 4217 1158 4294; baseline -0.016 0"><span class='ocrx_word' id='word_1_184' title='bbox 1096 4217 1158 4294; x_wconf 89' lang='lat' dir='ltr'>be-</span> 
     </span>
    </p>
   </div>
   <div class='ocr_carea' id='block_1_7' title="bbox 206 4396 408 4476">
    <p class='ocr_par' dir='ltr' id='par_1_7' title="bbox 206 4396 408 4476">
     <span class='ocr_line' id='line_1_32' title="bbox 206 4396 408 4476; baseline -0.03 -1"><span class='ocrx_word' id='word_1_185' title='bbox 206 4396 242 4476; x_wconf 65' lang='lat' dir='ltr'>t)</span> <span class='ocrx_word' id='word_1_186' title='bbox 261 4409 292 4472; x_wconf 59' lang='lat' dir='ltr'>b</span> <span class='ocrx_word' id='word_1_187' title='bbox 318 4396 408 4470; x_wconf 60' lang='grc' dir='ltr'>ΙΝ</span> 
     </span>
    </p>
   </div>
   <div class='ocr_carea' id='block_1_8' title="bbox 0 0 1277 4958">
    <p class='ocr_par' dir='ltr' id='par_1_8' title="bbox 0 0 1277 4958">
     <span class='ocr_line' id='line_1_33' title="bbox 0 0 1277 4958; baseline 0 0"><span class='ocrx_word' id='word_1_188' title='bbox 0 0 1277 4958; x_wconf 95' lang='lat' dir='ltr'> </span> 
     </span>
    </p>
   </div>
  </div>
 </body>
</html>
