2506 4958
227 238 378 315 regnum
400 210 532 307 euritii
547 214 589 294 in
606 218 719 296 terris
736 240 765 297 a.
788 214 908 301 XLV.
932 175 941 183 ἡ
1024 234 1101 318 ¹33

59 403 141 459 rum
170 393 207 458 et
232 353 442 480 temporum
466 381 743 458 circumstantiis
778 383 1019 460 mutationem
1046 385 1103 465 su-

59 497 137 572 bire
158 490 327 594 possuntt
368 514 445 595 quo
474 491 574 570 seosu
599 492 668 571 dici
694 494 812 594 potest
840 493 873 572 S.
894 492 1102 596 Cyprianus
1202 518 1215 545 ⁸

60 608 174 685 cuivis
203 604 375 704 episcopo
415 607 455 680 in
479 596 637 700 fosidmn
667 629 791 683 curam
831 601 993 686 Ecclefiae
1032 609 1101 688 suae
1230 612 1233 623 ⁴

58 714 246 810 tribuiiie3
294 739 418 792 errore
455 730 578 793 tamen
619 719 705 794 iuria
733 731 770 799 et
803 716 881 796 iasii
920 721 958 795 in
999 721 1101 805 causa
1229 773 1232 779 -

61 829 355 928 rebaptizationis
384 826 638 907 hereticorum
657 831 839 930 deceptus.
898 829 1100 934 Quaeapo-

60 941 159 1020 stolis
177 941 256 1017 data
287 940 336 1015 est
365 940 518 1039 potestas
551 940 688 1019 ordinis
711 955 748 1019 et
777 940 1033 1022 iurisdisiionis
1059 945 1100 1024 iu

60 1053 264 1132 universum
304 1052 433 1127 orbem
464 1050 508 1128 ad
549 1053 839 1131 constituendam
880 1051 1096 1147 Ecclesiam.

60 1190 100 1242 ea
121 1189 204 1242 curn
224 1164 396 1262 apostolis
412 1163 624 1264 exspiravit,
656 1164 744 1242 dum
765 1163 985 1265 siugusarum
1003 1166 1099 1247 dioe.

60 1277 188 1355 ceseon
221 1276 302 1352 sunt
330 1276 514 1353 constituti
535 1275 692 1363 limites,
734 1296 884 1380 excepta
914 1278 995 1356 fede
1022 1278 1100 1361 Ro-

63 1413 166 1465 mano
194 1385 241 1466 D.
260 1385 376 1474 Petri.
402 1391 463 1464 cui
481 1404 607 1487 prater
627 1411 863 1467 communem
883 1413 968 1471 cum
986 1391 1099 1472 coilo·

61 1506 126 1600 gio
152 1497 400 1599 apostolorum
431 1501 643 1600 potestatem
674 1500 811 1599 ligandi
846 1517 886 1580 et
908 1502 1097 1594 suivendi,

62 1613 226 1691 Christus
249 1612 347 1689 dedit
375 1610 601 1711 finguiariter
633 1612 749 1689 claves
768 1616 871 1712 regui
892 1616 1097 1704 coelorum,

59 1724 334 1805 fundamentum
348 1722 491 1820 insuper
506 1721 667 1801 Ecclesiae
686 1725 961 1813 constituendo.
974 1728 1101 1808 adver·

61 1837 117 1914 sus
138 1861 245 1936 quam
264 1850 378 1934 portae
398 1834 500 1910 inseri
521 1857 597 1909 uon
616 1831 684 1911 siut
698 1835 941 1934 praevaiiturae.
978 1836 1098 1939 Quod

56 1949 230 2025 whacienur
261 1946 480 2043 experientia
508 1943 601 2021 felici
633 1960 868 2045 compertum
902 1946 1097 2036 habemus.

62 2061 151 2136 dum
178 2056 337 2155 undique
361 2052 523 2148 cecidisse
554 2055 710 2134 vidimus
741 2053 911 2139 Eccteiias
943 2058 1098 2169 reliquas

61 2174 106 2248 ab
126 2167 296 2268 apostolis
326 2167 435 2260 satas3
479 2183 557 2246 tom
580 2191 667 2245 vero
691 2169 848 2268 integras
877 2191 954 2247 non
980 2169 1099 2249 sotum

59 2283 283 2384 provincias,
305 2294 340 2356 et
354 2303 483 2378 regua,
500 2278 676 2357 sedetiam
694 2281 793 2358 orbis
807 2296 943 2381 parter,
962 2279 1096 2372 Asiam,

61 2395 262 2471 etiiiricam
280 2416 363 2469 cum
381 2415 508 2490 magna
520 2389 678 2491 Europa
695 2395 886 2492 portione.
903 2417 1098 2501 quacum·

63 2509 244 2582 munione
276 2502 438 2581 Ecclesia
464 2502 572 2586 Rom.
605 2502 819 2582 exciderunt
835 2560 852 2596 ,‚
890 2502 1097 2590 inconcuffa

62 2618 202 2716 sernper
234 2615 330 2693 Petri
367 2614 457 2691 sede.
515 2614 624 2692 Unde
662 2619 793 2692 merito
829 2617 983 2718 quisque
1011 2639 1097 2696 curn

62 2731 97 2808 S.
127 2729 356 2825 Hieronymo
385 2727 428 2802 ad
462 2724 657 2803 Damasum
693 2724 730 2802 P.
763 2725 937 2803 scribente
976 2727 1096 2804 dican

63 2899 87 2936 „
117 2837 354 2939 Egonuiium
385 2835 450 2914 nisi
473 2836 655 2915 Christum
683 2837 850 2938 sequens,
880 2835 1097 2918 Beatitudini

61 3010 85 3048 ‚,
115 2969 184 3029 tuac
208 2950 410 3027 consocior.
470 2949 585 3048 Super
611 2947 705 3024 iilam
728 2948 866 3027 Petram
891 2948 1099 3028 edificatam

64 3123 86 3158 „
117 3061 303 3142 Ecclesiam
322 3060 403 3137 icio.
458 3060 683 3163 Quicunque
704 3076 803 3140 extra
824 3061 917 3139 hanc
943 3061 1099 3140 domum

64 3233 87 3271 „
117 3198 251 3274 agnum
278 3173 503 3260 comederit,
534 3172 707 3271 profanus
730 3173 788 3248 est.
805 3230 841 3249 ..
873 3171 1102 3274 Quicunque

65 3346 87 3382 „
117 3303 237 3366 tecum
255 3309 332 3362 non
353 3284 512 3383 colligit,
534 3284 690 3383 spargit,
717 3282 878 3376 honest,
908 3289 975 3395 qui
992 3284 1100 3367 cun.

67 3455 90 3493 „
120 3401 158 3475 sti
177 3424 252 3476 uon
272 3399 344 3486 est,
375 3396 570 3474 antichristi
597 3397 657 3476 est.

153 3557 240 3636 Haec
271 3560 304 3636 ie
327 3558 493 3660 profiteri
530 3581 675 3639 mecum
708 3557 831 3639 dinem
871 3557 1102 3660 pundatorer

70 3675 178 3750 etiam
198 3669 399 3760 Emseuies,
437 3673 619 3771 principio
638 3672 750 3747 statim
775 3669 981 3749 Romanum
1009 3695 1105 3770 pou·

69 3782 202 3864 tisicem
216 3781 569 3881 superintendentem
582 3779 1021 3884 quau(uieraufseier)et
1033 3786 1105 3883 pri-

66 3914 200 3975 marem
218 3892 372 3999 professi.
430 3892 759 3983 &diiudicare
778 3894 830 3974 far
853 3893 915 3984 sit,
934 3898 1106 3995 ‘superm-
1184 3910 1187 3917 '

575 4005 644 4098 13
839 4008 1079 4090 tendentem.
