<?xml version="1.0" encoding="UTF-8"?>
<!DOCTYPE html PUBLIC "-//W3C//DTD XHTML 1.0 Transitional//EN"
    "http://www.w3.org/TR/xhtml1/DTD/xhtml1-transitional.dtd">
<html xmlns="http://www.w3.org/1999/xhtml" xml:lang="en" lang="en">
 <head>
  <title>
</title>
<meta http-equiv="Content-Type" content="text/html;charset=utf-8" />
  <meta name='ocr-system' content='tesseract 3.04.00' />
  <meta name='ocr-capabilities' content='ocr_page ocr_carea ocr_par ocr_line ocrx_word'/>
</head>
<body>
  <div class='ocr_page' id='page_1' title='image "./ecclesiamilitan01gerbgoog_0398.png"; bbox 0 0 2506 4958; ppageno 0'>
   <div class='ocr_carea' id='block_1_1' title="bbox 10 88 115 227">
    <p class='ocr_par' dir='ltr' id='par_1_1' title="bbox 10 40 182 305">
     <span class='ocr_line' id='line_1_1' title="bbox 10 88 115 227; baseline -0.006 -150"><span class='ocrx_word' id='word_1_1' title='bbox 10 88 115 227; x_wconf 54' lang='grc'>[</span> 
     </span>
    </p>
   </div>
   <div class='ocr_carea' id='block_1_2' title="bbox 264 211 1096 316">
    <p class='ocr_par' dir='ltr' id='par_1_2' title="bbox 264 211 1096 316">
     <span class='ocr_line' id='line_1_2' title="bbox 264 211 1096 316; baseline -0.014 -18"><span class='ocrx_word' id='word_1_2' title='bbox 264 241 423 316; x_wconf 78' lang='lat' dir='ltr'>regnum</span> <span class='ocrx_word' id='word_1_3' title='bbox 442 214 571 308; x_wconf 74' lang='lat' dir='ltr'>christi</span> <span class='ocrx_word' id='word_1_4' title='bbox 582 218 625 294; x_wconf 74' lang='lat' dir='ltr'>in</span> <span class='ocrx_word' id='word_1_5' title='bbox 640 219 759 293; x_wconf 66' lang='lat' dir='ltr'>terris.</span> <span class='ocrx_word' id='word_1_6' title='bbox 777 235 805 292; x_wconf 82' lang='lat' dir='ltr'>c.</span> <span class='ocrx_word' id='word_1_7' title='bbox 822 211 902 293; x_wconf 79' lang='lat' dir='ltr'>Xn.</span> <span class='ocrx_word' id='word_1_8' title='bbox 1076 235 1096 307; x_wconf 79' lang='grc' dir='ltr'><strong>ς</strong></span> 
     </span>
    </p>
   </div>
   <div class='ocr_carea' id='block_1_3' title="bbox 51 379 1096 478">
    <p class='ocr_par' dir='ltr' id='par_1_3' title="bbox 51 379 1096 478">
     <span class='ocr_line' id='line_1_3' title="bbox 51 379 1096 478; baseline -0.013 -12"><span class='ocrx_word' id='word_1_9' title='bbox 51 382 259 466; x_wconf 69' lang='lat' dir='ltr'>Fridericus</span> <span class='ocrx_word' id='word_1_10' title='bbox 275 379 319 458; x_wconf 88' lang='lat' dir='ltr'>ll.</span> <span class='ocrx_word' id='word_1_11' title='bbox 351 379 703 478; x_wconf 69' lang='lat' dir='ltr'>Hierosolymitanue</span> <span class='ocrx_word' id='word_1_12' title='bbox 721 403 777 454; x_wconf 78' lang='lat' dir='ltr'>am</span> <span class='ocrx_word' id='word_1_13' title='bbox 801 397 913 463; x_wconf 71' lang='lat'>1229.</span> <span class='ocrx_word' id='word_1_14' title='bbox 948 399 1012 455; x_wconf 82' lang='lat' dir='ltr'>tex</span> <span class='ocrx_word' id='word_1_15' title='bbox 1031 401 1096 455; x_wconf 89' lang='lat' dir='ltr'>co-</span> 
     </span>
    </p>
   </div>
   <div class='ocr_carea' id='block_1_4' title="bbox 54 488 1217 595">
    <p class='ocr_par' dir='ltr' id='par_1_4' title="bbox 54 488 1217 595">
     <span class='ocr_line' id='line_1_4' title="bbox 54 488 1217 595; baseline -0.007 -21"><span class='ocrx_word' id='word_1_16' title='bbox 54 499 232 580; x_wconf 81' lang='lat' dir='ltr'>ronatos,</span> <span class='ocrx_word' id='word_1_17' title='bbox 279 519 319 569; x_wconf 88' lang='lat' dir='ltr'>ea</span> <span class='ocrx_word' id='word_1_18' title='bbox 351 517 439 570; x_wconf 88' lang='lat' dir='ltr'>cum</span> <span class='ocrx_word' id='word_1_19' title='bbox 470 493 630 570; x_wconf 84' lang='lat' dir='ltr'>Soidano</span> <span class='ocrx_word' id='word_1_20' title='bbox 665 491 760 588; x_wconf 81' lang='lat' dir='ltr'>patin</span> <span class='ocrx_word' id='word_1_21' title='bbox 789 488 1021 572; x_wconf 90' lang='lat' dir='ltr'>conditione,</span> <span class='ocrx_word' id='word_1_22' title='bbox 1055 506 1096 567; x_wconf 91' lang='lat' dir='ltr'>ut</span> <span class='ocrx_word' id='word_1_23' title='bbox 1212 578 1217 595; x_wconf 32' lang='grc' dir='ltr'>Ι</span> 
     </span>
    </p>
   </div>
   <div class='ocr_carea' id='block_1_5' title="bbox 53 601 1091 802">
    <p class='ocr_par' dir='ltr' id='par_1_5' title="bbox 53 601 1091 802">
     <span class='ocr_line' id='line_1_5' title="bbox 53 601 1091 713; baseline -0.007 -26"><span class='ocrx_word' id='word_1_24' title='bbox 53 607 305 701; x_wconf 68' lang='lat' dir='ltr'>suburbicariis</span> <span class='ocrx_word' id='word_1_25' title='bbox 335 605 517 687; x_wconf 80' lang='lat' dir='ltr'>Saracenis</span> <span class='ocrx_word' id='word_1_26' title='bbox 538 601 716 713; x_wconf 80' lang='lat' dir='ltr'>templum</span> <span class='ocrx_word' id='word_1_27' title='bbox 737 603 1000 683; x_wconf 80' lang='lat' dir='ltr'>concederetur</span> <span class='ocrx_word' id='word_1_28' title='bbox 1024 601 1091 686; x_wconf 84' lang='lat' dir='ltr'>ceu</span> 
     </span>
     <span class='ocr_line' id='line_1_6' title="bbox 56 720 274 802; baseline -0.028 0"><span class='ocrx_word' id='word_1_29' title='bbox 56 720 274 802; x_wconf 78' lang='lat' dir='ltr'>Amalecitis.</span> 
     </span>
    </p>
   </div>
   <div class='ocr_carea' id='block_1_6' title="bbox 56 873 1095 1765">
    <p class='ocr_par' dir='ltr' id='par_1_6' title="bbox 56 873 1095 1765">
     <span class='ocr_line' id='line_1_7' title="bbox 140 873 1094 980; baseline -0.003 -21"><span class='ocrx_word' id='word_1_30' title='bbox 140 880 259 960; x_wconf 84' lang='lat' dir='ltr'>G&#39;raeci</span> <span class='ocrx_word' id='word_1_31' title='bbox 295 881 408 980; x_wconf 77' lang='lat' dir='ltr'>impp.</span> <span class='ocrx_word' id='word_1_32' title='bbox 440 878 633 956; x_wconf 84' lang='lat' dir='ltr'>obfirmato</span> <span class='ocrx_word' id='word_1_33' title='bbox 660 901 744 955; x_wconf 90' lang='lat' dir='ltr'>cum</span> <span class='ocrx_word' id='word_1_34' title='bbox 775 873 939 954; x_wconf 87' lang='lat' dir='ltr'>Romana</span> <span class='ocrx_word' id='word_1_35' title='bbox 978 879 1094 956; x_wconf 81' lang='lat' dir='ltr'>ecete-</span> 
     </span>
     <span class='ocr_line' id='line_1_8' title="bbox 57 990 1095 1089; baseline -0.003 -18"><span class='ocrx_word' id='word_1_36' title='bbox 57 991 104 1071; x_wconf 81' lang='lat' dir='ltr'>fia</span> <span class='ocrx_word' id='word_1_37' title='bbox 130 991 335 1077; x_wconf 86' lang='lat' dir='ltr'>schismate,</span> <span class='ocrx_word' id='word_1_38' title='bbox 372 991 534 1068; x_wconf 86' lang='lat' dir='ltr'>tulerunt</span> <span class='ocrx_word' id='word_1_39' title='bbox 563 990 621 1068; x_wconf 84' lang='lat' dir='ltr'>sua</span> <span class='ocrx_word' id='word_1_40' title='bbox 649 994 686 1065; x_wconf 87' lang='lat' dir='ltr'>in</span> <span class='ocrx_word' id='word_1_41' title='bbox 715 991 855 1066; x_wconf 85' lang='lat' dir='ltr'>ditione</span> <span class='ocrx_word' id='word_1_42' title='bbox 884 993 1095 1089; x_wconf 82' lang='lat' dir='ltr'>promiscue</span> 
     </span>
     <span class='ocr_line' id='line_1_9' title="bbox 56 1103 1093 1204; baseline -0.004 -20"><span class='ocrx_word' id='word_1_43' title='bbox 56 1106 265 1204; x_wconf 74' lang='lat' dir='ltr'>agarenos.</span> <span class='ocrx_word' id='word_1_44' title='bbox 301 1103 467 1187; x_wconf 66' lang='lat' dir='ltr'>iudaeos,</span> <span class='ocrx_word' id='word_1_45' title='bbox 499 1103 708 1186; x_wconf 65' lang='lat' dir='ltr'>limacius,</span> <span class='ocrx_word' id='word_1_46' title='bbox 744 1105 1093 1192; x_wconf 77' lang='lat' dir='ltr'>Armenosexcusati</span> 
     </span>
     <span class='ocr_line' id='line_1_10' title="bbox 58 1212 1093 1315; baseline -0.001 -21"><span class='ocrx_word' id='word_1_47' title='bbox 58 1217 146 1294; x_wconf 88' lang='lat' dir='ltr'>alo.</span> <span class='ocrx_word' id='word_1_48' title='bbox 163 1213 321 1296; x_wconf 85' lang='lat' dir='ltr'>Cabafila</span> <span class='ocrx_word' id='word_1_49' title='bbox 341 1216 409 1292; x_wconf 86' lang='lat' dir='ltr'>ior.</span> <span class='ocrx_word' id='word_1_50' title='bbox 429 1213 560 1293; x_wconf 83' lang='lat' dir='ltr'>Graeco</span> <span class='ocrx_word' id='word_1_51' title='bbox 574 1214 681 1291; x_wconf 86' lang='lat' dir='ltr'>Rom.</span> <span class='ocrx_word' id='word_1_52' title='bbox 695 1213 738 1292; x_wconf 86' lang='lat' dir='ltr'>T.</span> <span class='ocrx_word' id='word_1_53' title='bbox 758 1215 782 1291; x_wconf 89' lang='grc' dir='ltr'>Ι.</span> <span class='ocrx_word' id='word_1_54' title='bbox 803 1213 861 1289; x_wconf 84' lang='lat' dir='ltr'>iib.</span> <span class='ocrx_word' id='word_1_55' title='bbox 882 1212 926 1289; x_wconf 87' lang='lat' dir='ltr'>V.</span> <span class='ocrx_word' id='word_1_56' title='bbox 945 1242 978 1315; x_wconf 87' lang='lat' dir='ltr'>p.</span> <span class='ocrx_word' id='word_1_57' title='bbox 1003 1237 1048 1305; x_wconf 82' lang='lat'>33</span> <span class='ocrx_word' id='word_1_58' title='bbox 1062 1239 1093 1293; x_wconf 90' lang='grc' dir='ltr'>ι.</span> 
     </span>
     <span class='ocr_line' id='line_1_11' title="bbox 60 1324 1093 1428; baseline -0.005 -20"><span class='ocrx_word' id='word_1_59' title='bbox 60 1326 192 1428; x_wconf 84' lang='lat' dir='ltr'>Erepta</span> <span class='ocrx_word' id='word_1_60' title='bbox 222 1331 291 1404; x_wconf 85' lang='lat' dir='ltr'>ianr</span> <span class='ocrx_word' id='word_1_61' title='bbox 319 1332 449 1404; x_wconf 89' lang='lat' dir='ltr'>iterum</span> <span class='ocrx_word' id='word_1_62' title='bbox 470 1347 545 1403; x_wconf 84' lang='lat' dir='ltr'>erat</span> <span class='ocrx_word' id='word_1_63' title='bbox 569 1324 712 1405; x_wconf 81' lang='lat' dir='ltr'>Francis</span> <span class='ocrx_word' id='word_1_64' title='bbox 740 1327 869 1424; x_wconf 82' lang='lat' dir='ltr'>Cpolia</span> <span class='ocrx_word' id='word_1_65' title='bbox 896 1351 950 1402; x_wconf 88' lang='lat' dir='ltr'>an.</span> <span class='ocrx_word' id='word_1_66' title='bbox 978 1343 1093 1403; x_wconf 77' lang='lat'>1261.</span> 
     </span>
     <span class='ocr_line' id='line_1_12' title="bbox 60 1437 1095 1542; baseline 0 -26"><span class='ocrx_word' id='word_1_67' title='bbox 60 1464 172 1542; x_wconf 87' lang='lat' dir='ltr'>quam</span> <span class='ocrx_word' id='word_1_68' title='bbox 192 1442 291 1515; x_wconf 87' lang='lat' dir='ltr'>annis</span> <span class='ocrx_word' id='word_1_69' title='bbox 315 1451 372 1531; x_wconf 88' lang='lat'>58.</span> <span class='ocrx_word' id='word_1_70' title='bbox 400 1454 610 1526; x_wconf 86' lang='lat' dir='ltr'>tenuerant,</span> <span class='ocrx_word' id='word_1_71' title='bbox 642 1463 706 1540; x_wconf 87' lang='lat' dir='ltr'>per</span> <span class='ocrx_word' id='word_1_72' title='bbox 723 1437 938 1516; x_wconf 83' lang='lat' dir='ltr'>Michaeienr</span> <span class='ocrx_word' id='word_1_73' title='bbox 962 1437 1095 1517; x_wconf 84' lang='lat' dir='ltr'>Paiaeo·</span> 
     </span>
     <span class='ocr_line' id='line_1_13' title="bbox 57 1550 1094 1650; baseline -0.002 -20"><span class='ocrx_word' id='word_1_74' title='bbox 57 1552 191 1650; x_wconf 88' lang='lat' dir='ltr'>iogum</span> <span class='ocrx_word' id='word_1_75' title='bbox 216 1550 429 1629; x_wconf 82' lang='lat' dir='ltr'>Graecorum</span> <span class='ocrx_word' id='word_1_76' title='bbox 457 1556 543 1650; x_wconf 86' lang='lat' dir='ltr'>imp.</span> <span class='ocrx_word' id='word_1_77' title='bbox 575 1575 651 1627; x_wconf 88' lang='lat' dir='ltr'>non</span> <span class='ocrx_word' id='word_1_78' title='bbox 685 1566 804 1628; x_wconf 88' lang='lat' dir='ltr'>tamen</span> <span class='ocrx_word' id='word_1_79' title='bbox 838 1550 906 1627; x_wconf 86' lang='lat' dir='ltr'>iuit</span> <span class='ocrx_word' id='word_1_80' title='bbox 938 1552 1094 1628; x_wconf 86' lang='lat' dir='ltr'>redinte-</span> 
     </span>
     <span class='ocr_line' id='line_1_14' title="bbox 58 1663 1093 1765; baseline 0.001 -26"><span class='ocrx_word' id='word_1_81' title='bbox 58 1679 185 1765; x_wconf 83' lang='lat' dir='ltr'>gratus</span> <span class='ocrx_word' id='word_1_82' title='bbox 212 1667 352 1763; x_wconf 87' lang='lat' dir='ltr'>imperii</span> <span class='ocrx_word' id='word_1_83' title='bbox 387 1667 567 1739; x_wconf 83' lang='lat' dir='ltr'>orientalis</span> <span class='ocrx_word' id='word_1_84' title='bbox 605 1663 734 1748; x_wconf 79' lang='lat' dir='ltr'>status,</span> <span class='ocrx_word' id='word_1_85' title='bbox 767 1663 904 1762; x_wconf 82' lang='lat' dir='ltr'>iernper</span> <span class='ocrx_word' id='word_1_86' title='bbox 933 1667 973 1739; x_wconf 86' lang='lat' dir='ltr'>in</span> <span class='ocrx_word' id='word_1_87' title='bbox 992 1668 1093 1761; x_wconf 79' lang='lat' dir='ltr'>peius</span> 
     </span>
    </p>
   </div>
   <div class='ocr_carea' id='block_1_7' title="bbox 50 1774 1221 2096">
    <p class='ocr_par' dir='ltr' id='par_1_7' title="bbox 50 1774 1221 2096">
     <span class='ocr_line' id='line_1_15' title="bbox 50 1774 1092 1873; baseline -0.007 -18"><span class='ocrx_word' id='word_1_88' title='bbox 50 1778 229 1862; x_wconf 82' lang='lat' dir='ltr'>ruentis,</span> <span class='ocrx_word' id='word_1_89' title='bbox 273 1793 382 1872; x_wconf 85' lang='lat' dir='ltr'>atque</span> <span class='ocrx_word' id='word_1_90' title='bbox 419 1779 457 1849; x_wconf 85' lang='lat' dir='ltr'>in</span> <span class='ocrx_word' id='word_1_91' title='bbox 490 1774 600 1871; x_wconf 86' lang='lat' dir='ltr'>seipso</span> <span class='ocrx_word' id='word_1_92' title='bbox 632 1775 802 1873; x_wconf 84' lang='lat' dir='ltr'>paulatim</span> <span class='ocrx_word' id='word_1_93' title='bbox 844 1777 1092 1862; x_wconf 84' lang='lat' dir='ltr'>concidentis,</span> 
     </span>
     <span class='ocr_line' id='line_1_16' title="bbox 61 1883 1213 1990; baseline 0.001 -26"><span class='ocrx_word' id='word_1_94' title='bbox 61 1888 239 1990; x_wconf 85' lang='lat' dir='ltr'>quidquid</span> <span class='ocrx_word' id='word_1_95' title='bbox 263 1889 495 1983; x_wconf 88' lang='lat' dir='ltr'>imperatores</span> <span class='ocrx_word' id='word_1_96' title='bbox 514 1883 665 1961; x_wconf 83' lang='lat' dir='ltr'>Afiatico</span> <span class='ocrx_word' id='word_1_97' title='bbox 681 1885 769 1961; x_wconf 85' lang='lat' dir='ltr'>fastu</span> <span class='ocrx_word' id='word_1_98' title='bbox 785 1904 933 1980; x_wconf 85' lang='lat' dir='ltr'>agerent</span> <span class='ocrx_word' id='word_1_99' title='bbox 951 1887 997 1961; x_wconf 90' lang='lat' dir='ltr'>ad</span> <span class='ocrx_word' id='word_1_100' title='bbox 1015 1885 1095 1960; x_wconf 83' lang='lat' dir='ltr'>iim·</span> <span class='ocrx_word' id='word_1_101' title='bbox 1209 1954 1213 1965; x_wconf 94' lang='lat'><em>.</em></span> 
     </span>
     <span class='ocr_line' id='line_1_17' title="bbox 61 1995 1221 2096; baseline -0.005 -18"><span class='ocrx_word' id='word_1_102' title='bbox 61 2001 158 2078; x_wconf 87' lang='lat' dir='ltr'>brias</span> <span class='ocrx_word' id='word_1_103' title='bbox 174 1999 392 2075; x_wconf 72' lang='lat' dir='ltr'>audoritatis</span> <span class='ocrx_word' id='word_1_104' title='bbox 413 1999 480 2073; x_wconf 84' lang='lat' dir='ltr'>suae</span> <span class='ocrx_word' id='word_1_105' title='bbox 505 2020 546 2072; x_wconf 90' lang='lat' dir='ltr'>ac</span> <span class='ocrx_word' id='word_1_106' title='bbox 570 1996 752 2096; x_wconf 80' lang='lat' dir='ltr'>potestatis</span> <span class='ocrx_word' id='word_1_107' title='bbox 775 1995 971 2070; x_wconf 79' lang='lat' dir='ltr'>dilatandas</span> <span class='ocrx_word' id='word_1_108' title='bbox 986 2001 1095 2073; x_wconf 86' lang='lat' dir='ltr'>etiam</span> <span class='ocrx_word' id='word_1_109' title='bbox 1218 2024 1221 2029; x_wconf 89' lang='lat'>·</span> 
     </span>
    </p>
   </div>
   <div class='ocr_carea' id='block_1_8' title="bbox 59 2105 1097 2766">
    <p class='ocr_par' dir='ltr' id='par_1_8' title="bbox 59 2105 1097 2766">
     <span class='ocr_line' id='line_1_18' title="bbox 59 2105 1094 2208; baseline -0.004 -19"><span class='ocrx_word' id='word_1_110' title='bbox 59 2115 100 2190; x_wconf 91' lang='lat' dir='ltr'>in</span> <span class='ocrx_word' id='word_1_111' title='bbox 117 2113 228 2195; x_wconf 78' lang='lat' dir='ltr'>iacta,</span> <span class='ocrx_word' id='word_1_112' title='bbox 260 2124 300 2184; x_wconf 89' lang='lat' dir='ltr'>ut</span> <span class='ocrx_word' id='word_1_113' title='bbox 314 2132 441 2184; x_wconf 90' lang='lat' dir='ltr'>eorum</span> <span class='ocrx_word' id='word_1_114' title='bbox 463 2109 625 2207; x_wconf 81' lang='lat' dir='ltr'>politiam</span> <span class='ocrx_word' id='word_1_115' title='bbox 648 2105 911 2208; x_wconf 76' lang='lat' dir='ltr'>ecclesiasticam</span> <span class='ocrx_word' id='word_1_116' title='bbox 934 2131 1009 2185; x_wconf 80' lang='lat' dir='ltr'>erus</span> <span class='ocrx_word' id='word_1_117' title='bbox 1029 2113 1094 2185; x_wconf 84' lang='lat' dir='ltr'>aevi</span> 
     </span>
     <span class='ocr_line' id='line_1_19' title="bbox 60 2220 1094 2326; baseline -0.003 -27"><span class='ocrx_word' id='word_1_118' title='bbox 60 2223 227 2326; x_wconf 86' lang='lat' dir='ltr'>pluribus</span> <span class='ocrx_word' id='word_1_119' title='bbox 261 2223 412 2319; x_wconf 81' lang='lat' dir='ltr'>exponit</span> <span class='ocrx_word' id='word_1_120' title='bbox 452 2220 807 2320; x_wconf 78' lang='lat' dir='ltr'>anonymusauiior</span> <span class='ocrx_word' id='word_1_121' title='bbox 841 2223 1094 2297; x_wconf 85' lang='lat' dir='ltr'>commentarii</span> 
     </span>
     <span class='ocr_line' id='line_1_20' title="bbox 62 2329 1096 2430; baseline -0.002 -19"><span class='ocrx_word' id='word_1_122' title='bbox 62 2336 106 2413; x_wconf 86' lang='lat' dir='ltr'>de</span> <span class='ocrx_word' id='word_1_123' title='bbox 121 2331 255 2430; x_wconf 70' lang='lat' dir='ltr'>finibus</span> <span class='ocrx_word' id='word_1_124' title='bbox 287 2335 470 2427; x_wconf 81' lang='lat' dir='ltr'>utriusque</span> <span class='ocrx_word' id='word_1_125' title='bbox 490 2329 663 2429; x_wconf 78' lang='lat' dir='ltr'>potelintis</span> <span class='ocrx_word' id='word_1_126' title='bbox 694 2330 779 2408; x_wconf 81' lang='lat' dir='ltr'>eccle</span> <span class='ocrx_word' id='word_1_127' title='bbox 792 2329 912 2418; x_wconf 71' lang='lat' dir='ltr'>radica</span> <span class='ocrx_word' id='word_1_128' title='bbox 942 2345 977 2407; x_wconf 80' lang='lat' dir='ltr'>et</span> <span class='ocrx_word' id='word_1_129' title='bbox 1000 2331 1096 2409; x_wconf 75' lang='lat' dir='ltr'>loica</span> 
     </span>
     <span class='ocr_line' id='line_1_21' title="bbox 63 2441 1097 2546; baseline -0.007 -20"><span class='ocrx_word' id='word_1_130' title='bbox 63 2471 182 2546; x_wconf 84' lang='lat' dir='ltr'>nuper</span> <span class='ocrx_word' id='word_1_131' title='bbox 202 2444 406 2521; x_wconf 85' lang='lat' dir='ltr'>Ratisbonae</span> <span class='ocrx_word' id='word_1_132' title='bbox 423 2469 477 2520; x_wconf 89' lang='lat' dir='ltr'>an.</span> <span class='ocrx_word' id='word_1_133' title='bbox 511 2456 582 2536; x_wconf 84' lang='lat'>178</span> <span class='ocrx_word' id='word_1_134' title='bbox 596 2467 626 2520; x_wconf 88' lang='grc' dir='ltr'>ι.</span> <span class='ocrx_word' id='word_1_135' title='bbox 647 2441 788 2522; x_wconf 84' lang='lat' dir='ltr'>recusus</span> <span class='ocrx_word' id='word_1_136' title='bbox 807 2468 841 2544; x_wconf 83' lang='lat' dir='ltr'>p·</span> <span class='ocrx_word' id='word_1_137' title='bbox 858 2467 923 2539; x_wconf 81' lang='lat'>45.</span> <span class='ocrx_word' id='word_1_138' title='bbox 953 2468 998 2521; x_wconf 88' lang='lat' dir='ltr'>ex</span> <span class='ocrx_word' id='word_1_139' title='bbox 1020 2443 1097 2522; x_wconf 88' lang='lat' dir='ltr'>Bai-</span> 
     </span>
     <span class='ocr_line' id='line_1_22' title="bbox 60 2548 1097 2655; baseline -0.003 -19"><span class='ocrx_word' id='word_1_140' title='bbox 60 2559 209 2637; x_wconf 86' lang='lat' dir='ltr'>samone</span> <span class='ocrx_word' id='word_1_141' title='bbox 237 2555 429 2655; x_wconf 83' lang='lat' dir='ltr'>praesertim</span> <span class='ocrx_word' id='word_1_142' title='bbox 464 2556 531 2632; x_wconf 82' lang='lat' dir='ltr'>tec.</span> <span class='ocrx_word' id='word_1_143' title='bbox 564 2555 667 2633; x_wconf 86' lang='lat' dir='ltr'>Xiil.</span> <span class='ocrx_word' id='word_1_144' title='bbox 693 2548 924 2634; x_wconf 79' lang='lat' dir='ltr'>Antiocheno&#39;</span> <span class='ocrx_word' id='word_1_145' title='bbox 950 2561 1097 2654; x_wconf 85' lang='lat' dir='ltr'>patriar-</span> 
     </span>
     <span class='ocr_line' id='line_1_23' title="bbox 62 2666 1096 2766; baseline -0.003 -17"><span class='ocrx_word' id='word_1_146' title='bbox 62 2672 134 2750; x_wconf 82' lang='lat' dir='ltr'>cha</span> <span class='ocrx_word' id='word_1_147' title='bbox 169 2668 400 2746; x_wconf 80' lang='lat' dir='ltr'>schismatico</span> <span class='ocrx_word' id='word_1_148' title='bbox 459 2666 617 2744; x_wconf 81' lang='lat' dir='ltr'>Breviter</span> <span class='ocrx_word' id='word_1_149' title='bbox 638 2692 726 2742; x_wconf 89' lang='lat' dir='ltr'>vero</span> <span class='ocrx_word' id='word_1_150' title='bbox 766 2670 889 2743; x_wconf 83' lang='lat' dir='ltr'>videre</span> <span class='ocrx_word' id='word_1_151' title='bbox 915 2670 966 2745; x_wconf 85' lang='lat' dir='ltr'>est</span> <span class='ocrx_word' id='word_1_152' title='bbox 1000 2669 1096 2766; x_wconf 86' lang='lat' dir='ltr'>apud</span> 
     </span>
    </p>
   </div>
   <div class='ocr_carea' id='block_1_9' title="bbox 23 2777 1098 2876">
    <p class='ocr_par' dir='ltr' id='par_1_9' title="bbox 23 2777 1098 2876">
     <span class='ocr_line' id='line_1_24' title="bbox 23 2777 1098 2876; baseline -0.007 -12"><span class='ocrx_word' id='word_1_153' title='bbox 23 2784 43 2817; x_wconf 82' lang='lat'><strong>⁴</strong></span> <span class='ocrx_word' id='word_1_154' title='bbox 61 2783 103 2863; x_wconf 89' lang='lat' dir='ltr'>P.</span> <span class='ocrx_word' id='word_1_155' title='bbox 125 2781 173 2861; x_wconf 85' lang='lat' dir='ltr'>Le</span> <span class='ocrx_word' id='word_1_156' title='bbox 189 2781 312 2876; x_wconf 87' lang='lat' dir='ltr'>Quien</span> <span class='ocrx_word' id='word_1_157' title='bbox 340 2782 376 2854; x_wconf 91' lang='lat' dir='ltr'>in</span> <span class='ocrx_word' id='word_1_158' title='bbox 397 2777 551 2858; x_wconf 89' lang='lat' dir='ltr'>Oriente</span> <span class='ocrx_word' id='word_1_159' title='bbox 572 2777 700 2855; x_wconf 86' lang='lat' dir='ltr'>Christ.</span> <span class='ocrx_word' id='word_1_160' title='bbox 728 2777 765 2865; x_wconf 88' lang='lat' dir='ltr'>n)</span> <span class='ocrx_word' id='word_1_161' title='bbox 795 2803 985 2855; x_wconf 82' lang='lat' dir='ltr'>enormem</span> <span class='ocrx_word' id='word_1_162' title='bbox 1003 2780 1098 2856; x_wconf 86' lang='lat' dir='ltr'>iiiam</span> 
     </span>
    </p>
   </div>
   <div class='ocr_carea' id='block_1_10' title="bbox 64 2887 1176 3894">
    <p class='ocr_par' dir='ltr' id='par_1_10' title="bbox 64 2887 1129 3331">
     <span class='ocr_line' id='line_1_25' title="bbox 64 2887 1099 2986; baseline -0.004 -14"><span class='ocrx_word' id='word_1_163' title='bbox 64 2895 253 2978; x_wconf 81' lang='lat' dir='ltr'>mutandi,</span> <span class='ocrx_word' id='word_1_164' title='bbox 286 2903 390 2986; x_wconf 81' lang='lat' dir='ltr'>atque</span> <span class='ocrx_word' id='word_1_165' title='bbox 408 2890 604 2966; x_wconf 77' lang='lat' dir='ltr'>innovandi</span> <span class='ocrx_word' id='word_1_166' title='bbox 622 2887 824 2986; x_wconf 71' lang='lat' dir='ltr'>patriotam</span> <span class='ocrx_word' id='word_1_167' title='bbox 839 2914 883 2965; x_wconf 82' lang='lat' dir='ltr'>ex</span> <span class='ocrx_word' id='word_1_168' title='bbox 907 2890 1099 2968; x_wconf 87' lang='lat' dir='ltr'>Demetrio</span> 
     </span>
     <span class='ocr_line' id='line_1_26' title="bbox 67 3000 1101 3103; baseline -0.008 -17"><span class='ocrx_word' id='word_1_169' title='bbox 67 3008 318 3089; x_wconf 88' lang='lat' dir='ltr'>Chonateno‚</span> <span class='ocrx_word' id='word_1_170' title='bbox 358 3006 419 3103; x_wconf 87' lang='lat' dir='ltr'>qui</span> <span class='ocrx_word' id='word_1_171' title='bbox 441 3002 530 3080; x_wconf 85' lang='lat' dir='ltr'>iilud</span> <span class='ocrx_word' id='word_1_172' title='bbox 556 3019 656 3079; x_wconf 91' lang='lat' dir='ltr'>certo</span> <span class='ocrx_word' id='word_1_173' title='bbox 684 3001 758 3077; x_wconf 88' lang='lat' dir='ltr'>fieri</span> <span class='ocrx_word' id='word_1_174' title='bbox 781 3000 896 3078; x_wconf 79' lang='lat' dir='ltr'>affecit</span> <span class='ocrx_word' id='word_1_175' title='bbox 917 3006 1101 3101; x_wconf 65' lang='lat' dir='ltr'>exfirtno-</span> 
     </span>
     <span class='ocr_line' id='line_1_27' title="bbox 67 3113 1101 3215; baseline -0.005 -20"><span class='ocrx_word' id='word_1_176' title='bbox 67 3142 154 3196; x_wconf 77' lang='lat' dir='ltr'>rum</span> <span class='ocrx_word' id='word_1_177' title='bbox 174 3118 446 3212; x_wconf 80' lang='lat' dir='ltr'>divinorumque</span> <span class='ocrx_word' id='word_1_178' title='bbox 477 3138 646 3191; x_wconf 82' lang='lat' dir='ltr'>canonum</span> <span class='ocrx_word' id='word_1_179' title='bbox 655 3113 828 3209; x_wconf 78' lang='lat' dir='ltr'>serieetr.</span> <span class='ocrx_word' id='word_1_180' title='bbox 861 3115 989 3211; x_wconf 81' lang='lat' dir='ltr'>Atqui,</span> <span class='ocrx_word' id='word_1_181' title='bbox 1021 3140 1101 3215; x_wconf 85' lang='lat' dir='ltr'>per-</span> 
     </span>
     <span class='ocr_line' id='line_1_28' title="bbox 64 3222 1129 3331; baseline -0.002 -26"><span class='ocrx_word' id='word_1_182' title='bbox 64 3235 147 3331; x_wconf 82' lang='lat' dir='ltr'>git,</span> <span class='ocrx_word' id='word_1_183' title='bbox 177 3241 217 3304; x_wconf 79' lang='lat' dir='ltr'>ut</span> <span class='ocrx_word' id='word_1_184' title='bbox 232 3251 299 3303; x_wconf 83' lang='lat' dir='ltr'>uno</span> <span class='ocrx_word' id='word_1_185' title='bbox 320 3227 428 3305; x_wconf 79' lang='lat' dir='ltr'>verbo</span> <span class='ocrx_word' id='word_1_186' title='bbox 456 3228 596 3313; x_wconf 82' lang='lat' dir='ltr'>dicam,</span> <span class='ocrx_word' id='word_1_187' title='bbox 619 3222 695 3322; x_wconf 82' lang='lat' dir='ltr'>solo</span> <span class='ocrx_word' id='word_1_188' title='bbox 707 3224 933 3322; x_wconf 62' lang='lat' dir='ltr'>socriienndi</span> <span class='ocrx_word' id='word_1_189' title='bbox 958 3239 1099 3322; x_wconf 78' lang='lat' dir='ltr'>excepto</span> <span class='ocrx_word' id='word_1_190' title='bbox 1128 3261 1129 3264; x_wconf 37' lang='lat'>¹</span> 
     </span>
    </p>

    <p class='ocr_par' dir='ltr' id='par_1_11' title="bbox 68 3337 1176 3894">
     <span class='ocr_line' id='line_1_29' title="bbox 68 3337 1163 3443; baseline -0.005 -24"><span class='ocrx_word' id='word_1_191' title='bbox 68 3364 239 3428; x_wconf 82' lang='lat' dir='ltr'>munere,</span> <span class='ocrx_word' id='word_1_192' title='bbox 270 3339 408 3437; x_wconf 77' lang='lat' dir='ltr'>reliquo</span> <span class='ocrx_word' id='word_1_193' title='bbox 422 3337 637 3435; x_wconf 70' lang='lat' dir='ltr'>pontr‘ficoiio</span> <span class='ocrx_word' id='word_1_194' title='bbox 663 3342 783 3413; x_wconf 82' lang='lat' dir='ltr'>munio</span> <span class='ocrx_word' id='word_1_195' title='bbox 806 3337 925 3443; x_wconf 78' lang='lat' dir='ltr'>polum</span> <span class='ocrx_word' id='word_1_196' title='bbox 947 3342 1102 3435; x_wconf 81' lang='lat' dir='ltr'>impero-</span> <span class='ocrx_word' id='word_1_197' title='bbox 1157 3380 1163 3387; x_wconf 82' lang='lat'><em>·</em></span> 
     </span>
     <span class='ocr_line' id='line_1_30' title="bbox 69 3449 1101 3550; baseline -0.004 -17"><span class='ocrx_word' id='word_1_198' title='bbox 69 3468 129 3534; x_wconf 82' lang='lat' dir='ltr'>rar</span> <span class='ocrx_word' id='word_1_199' title='bbox 156 3451 395 3550; x_wconf 62' lang='lat' dir='ltr'>repraesentat,</span> <span class='ocrx_word' id='word_1_200' title='bbox 419 3465 453 3528; x_wconf 81' lang='lat' dir='ltr'>et</span> <span class='ocrx_word' id='word_1_201' title='bbox 474 3450 597 3529; x_wconf 83' lang='lat' dir='ltr'>inillis</span> <span class='ocrx_word' id='word_1_202' title='bbox 614 3449 815 3546; x_wconf 76' lang='lat' dir='ltr'>legi-timeat</span> <span class='ocrx_word' id='word_1_203' title='bbox 836 3454 997 3526; x_wconf 80' lang='lat' dir='ltr'>canoniea</span> <span class='ocrx_word' id='word_1_204' title='bbox 1013 3456 1101 3548; x_wconf 82' lang='lat' dir='ltr'>ogit.</span> 
     </span>
     <span class='ocr_line' id='line_1_31' title="bbox 72 3562 1104 3663; baseline -0.005 -19"><span class='ocrx_word' id='word_1_205' title='bbox 72 3566 192 3663; x_wconf 83' lang='lat' dir='ltr'>Quod</span> <span class='ocrx_word' id='word_1_206' title='bbox 209 3566 367 3643; x_wconf 86' lang='lat' dir='ltr'>eruditus</span> <span class='ocrx_word' id='word_1_207' title='bbox 389 3564 474 3650; x_wconf 87' lang='lat' dir='ltr'>ilie,</span> <span class='ocrx_word' id='word_1_208' title='bbox 507 3583 545 3640; x_wconf 90' lang='lat' dir='ltr'>ut</span> <span class='ocrx_word' id='word_1_209' title='bbox 565 3562 615 3640; x_wconf 74' lang='lat' dir='ltr'>Le</span> <span class='ocrx_word' id='word_1_210' title='bbox 636 3565 761 3657; x_wconf 83' lang='lat' dir='ltr'>Quien</span> <span class='ocrx_word' id='word_1_211' title='bbox 789 3586 851 3661; x_wconf 90' lang='lat' dir='ltr'>per</span> <span class='ocrx_word' id='word_1_212' title='bbox 867 3567 1019 3638; x_wconf 87' lang='lat' dir='ltr'>ironiam</span> <span class='ocrx_word' id='word_1_213' title='bbox 1038 3587 1104 3640; x_wconf 85' lang='lat' dir='ltr'>vo·</span> 
     </span>
     <span class='ocr_line' id='line_1_32' title="bbox 72 3674 1119 3775; baseline -0.008 -14"><span class='ocrx_word' id='word_1_214' title='bbox 72 3700 152 3768; x_wconf 89' lang='lat' dir='ltr'>cat,</span> <span class='ocrx_word' id='word_1_215' title='bbox 184 3677 424 3775; x_wconf 87' lang='lat' dir='ltr'>Bulgarorum</span> <span class='ocrx_word' id='word_1_216' title='bbox 446 3676 732 3775; x_wconf 79' lang='lat' dir='ltr'>archiepiscopus</span> <span class='ocrx_word' id='word_1_217' title='bbox 755 3693 795 3751; x_wconf 92' lang='lat' dir='ltr'>ut</span> <span class='ocrx_word' id='word_1_218' title='bbox 820 3674 1010 3753; x_wconf 85' lang='lat' dir='ltr'>confirmet</span> <span class='ocrx_word' id='word_1_219' title='bbox 1031 3681 1119 3753; x_wconf 58' lang='lat' dir='ltr'>mai</span> 
     </span>
     <span class='ocr_line' id='line_1_33' title="bbox 69 3785 1176 3894; baseline -0.002 -27"><span class='ocrx_word' id='word_1_220' title='bbox 69 3798 154 3894; x_wconf 70' lang='lat' dir='ltr'>gis,</span> <span class='ocrx_word' id='word_1_221' title='bbox 182 3791 227 3869; x_wconf 93' lang='lat' dir='ltr'>ad</span> <span class='ocrx_word' id='word_1_222' title='bbox 247 3790 345 3869; x_wconf 86' lang='lat' dir='ltr'>hunc</span> <span class='ocrx_word' id='word_1_223' title='bbox 365 3788 519 3868; x_wconf 86' lang='lat' dir='ltr'>modum</span> <span class='ocrx_word' id='word_1_224' title='bbox 545 3790 697 3865; x_wconf 76' lang='lat' dir='ltr'>i&#39;cribere</span> <span class='ocrx_word' id='word_1_225' title='bbox 714 3812 790 3865; x_wconf 88' lang='lat' dir='ltr'>non</span> <span class='ocrx_word' id='word_1_226' title='bbox 808 3785 947 3863; x_wconf 88' lang='lat' dir='ltr'>dubitat</span> <span class='ocrx_word' id='word_1_227' title='bbox 962 3811 973 3861; x_wconf 43' lang='grc' dir='ltr'>τ’</span> <span class='ocrx_word' id='word_1_228' title='bbox 1002 3845 1024 3879; x_wconf 85' lang='lat'><strong>„</strong></span> <span class='ocrx_word' id='word_1_229' title='bbox 1046 3787 1105 3866; x_wconf 88' lang='lat' dir='ltr'>ln·</span> <span class='ocrx_word' id='word_1_230' title='bbox 1175 3814 1176 3818; x_wconf 57' lang='lat'>‘</span> 
     </span>
    </p>
   </div>
   <div class='ocr_carea' id='block_1_11' title="bbox 115 3901 1051 4090">
    <p class='ocr_par' dir='ltr' id='par_1_12' title="bbox 115 3901 1051 4090">
     <span class='ocr_line' id='line_1_34' title="bbox 547 3901 1051 3993; baseline -0.006 -13"><span class='ocrx_word' id='word_1_231' title='bbox 547 3901 576 3980; x_wconf 79' lang='grc' dir='ltr'><strong>Α</strong></span> <span class='ocrx_word' id='word_1_232' title='bbox 610 3921 627 3990; x_wconf 79' lang='lat'><em>3</em></span> <span class='ocrx_word' id='word_1_233' title='bbox 901 3957 923 3993; x_wconf 83' lang='lat'>„</span> <span class='ocrx_word' id='word_1_234' title='bbox 953 3905 1051 3977; x_wconf 85' lang='lat' dir='ltr'>veni-</span> 
     </span>
     <span class='ocr_line' id='line_1_35' title="bbox 115 4001 985 4090; baseline -0.011 -14"><span class='ocrx_word' id='word_1_235' title='bbox 115 4015 149 4090; x_wconf 77' lang='grc' dir='ltr'>ι)</span> <span class='ocrx_word' id='word_1_236' title='bbox 173 4011 221 4076; x_wconf 83' lang='lat' dir='ltr'>De</span> <span class='ocrx_word' id='word_1_237' title='bbox 240 4003 395 4072; x_wconf 81' lang='lat' dir='ltr'>Patrimch.</span> <span class='ocrx_word' id='word_1_238' title='bbox 418 4004 503 4084; x_wconf 84' lang='lat' dir='ltr'>Cpol.</span> <span class='ocrx_word' id='word_1_239' title='bbox 528 4026 555 4069; x_wconf 82' lang='lat' dir='ltr'>e.</span> <span class='ocrx_word' id='word_1_240' title='bbox 573 4016 619 4078; x_wconf 69' lang='grc' dir='ltr'>ις.</span> <span class='ocrx_word' id='word_1_241' title='bbox 645 4015 676 4066; x_wconf 70' lang='grc' dir='ltr'>ιι.4</span> <span class='ocrx_word' id='word_1_242' title='bbox 701 4023 747 4076; x_wconf 65' lang='lat' dir='ltr'>ra</span> <span class='ocrx_word' id='word_1_243' title='bbox 765 4001 801 4068; x_wconf 81' lang='grc' dir='ltr'>ἶ.</span> <span class='ocrx_word' id='word_1_244' title='bbox 816 4003 838 4068; x_wconf 90' lang='lat' dir='ltr'>l.</span> <span class='ocrx_word' id='word_1_245' title='bbox 865 4023 892 4083; x_wconf 80' lang='lat' dir='ltr'>p.</span> <span class='ocrx_word' id='word_1_246' title='bbox 918 4025 985 4079; x_wconf 77' lang='lat'>¹⁴5·</span> 
     </span>
    </p>
   </div>
   <div class='ocr_carea' id='block_1_12' title="bbox 0 0 1268 4958">
    <p class='ocr_par' dir='ltr' id='par_1_13' title="bbox 0 0 1268 4958">
     <span class='ocr_line' id='line_1_36' title="bbox 0 0 1268 4958; baseline 0 0"><span class='ocrx_word' id='word_1_247' title='bbox 0 0 1268 4958; x_wconf 95' lang='lat' dir='ltr'> </span> 
     </span>
    </p>
   </div>
  </div>
 </body>
</html>
