2506 4958
295 128 447 286 reguum
465 179 597 278 Chresti
609 185 651 273 iu
665 183 788 282 terrie.
807 204 836 262 e.
856 178 958 265 LXI.
1061 130 1142 283 μὴ

99 413 123 450 ,,
153 352 287 454 spumae
314 349 582 435 dissolventur,
633 349 715 448 quie
739 358 839 446 petra
866 328 1028 427 Christus
1061 349 1137 439 est,

98 524 121 563 ,‚
150 490 264 568 aquo
282 481 320 543 ut
341 489 405 568 per
423 488 532 565 quem
550 457 701 540 Ecclelia
730 459 903 539 fundatur
918 514 951 553 ,,.

183 624 311 712 Erant,
341 649 426 703 cum
446 624 523 701 haec
539 622 705 701 scriberet
723 618 1029 723 sandos'martyr,
1057 645 1138 722 per-

100 738 330 822 secutionum
357 753 543 836 tempora,
578 758 657 836 quae
686 749 817 810 tamem
839 735 875 809 in
896 737 1139 832 comparatio·

102 877 188 931 neor
210 854 332 937 venire
361 873 438 926 oon
468 845 615 948 possunt
635 869 719 923 curn
747 843 942 922 noviffimis
972 846 1060 934 illis,
1092 846 1139 924 de

102 966 236 1067 quibus
262 960 302 1051 u)
319 960 498 1040 chrunus:
530 958 610 1036 eru
629 961 723 1034 euim
750 968 835 1034 tunc
858 955 1046 1035 tribulatio
1062 981 1138 1034 mu·
1245 1008 1249 1016 -

100 1100 201 1175 gno,
230 1071 344 1170 quasis
372 1094 442 1147 non
458 1067 538 1170 fuit
556 1061 601 1148 ub
625 1072 730 1146 initio
750 1069 874 1146 mundi
891 1069 995 1169 usque
1016 1072 1138 1162 modo,

103 1211 214 1284 neque
223 1185 307 1283 fiet3
336 1185 393 1261 sed
412 1186 456 1262 ad
475 1184 571 1283 speur
594 1187 707 1281 magis
724 1207 830 1283 quatu
849 1182 1138 1284 desperationem

102 1299 302 1399 elellorurn
316 1354 326 1385 ,
342 1297 387 1374 ad
404 1321 509 1397 quam
528 1294 567 1385 b)
583 1298 687 1395 erigit
700 1294 882 1391 Christus:
905 1293 975 1374 His
993 1307 1134 1386 eutem,

102 1413 245 1512 inquit,
265 1404 352 1508 fieri
377 1405 645 1507 incipientibus,
675 1399 854 1506 respicite,
871 1420 918 1505 ‚et
944 1406 1059 1485 boote
1080 1433 1139 1486 cu·

97 1529 181 1624 pitu
208 1520 344 1608 uesieu:
372 1520 552 1624 Quonim
575 1517 871 1617 appropinquabit
892 1513 1060 1603 redemtio
1077 1543 1138 1598 ve·

100 1633 185 1727 liro.
245 1633 407 1729 Quando
427 1638 599 1710 nimirum
626 1629 776 1709 Ecclesia
796 1631 952 1711 militans
977 1635 1014 1710 in
1035 1638 1139 1712 terrie

103 1747 374 1825 consociabitur
390 1742 550 1821 Ecclesiae
566 1742 802 1842 triumphanti
821 1747 857 1818 in
875 1744 992 1821 coelis.
1019 1744 1140 1836 Num,

103 1878 148 1941 ut
167 1859 327 1935 laudatus
345 1855 379 1931 S.
396 1854 603 1932 Vidorinus
621 1876 713 1931 mox
740 1852 859 1931 subdit
881 1852 916 1941 c)
933 1854 1140 1958 clauditque

103 1973 164 2050 sua
187 1974 223 2044 in
251 1965 490 2067 Apocalypsin
514 1964 675 2052 scholia,
714 1986 865 2060 reguum
899 1962 1026 2052 currui
1059 1980 1142 2044 tunc

104 2080 151 2170 eli
168 2078 425 2177 sempiternum
448 2075 653 2177 infundis,
683 2099 763 2153 cum
783 2074 904 2176 fuerit
921 2075 1048 2173 glorio
1068 2076 1142 2178 pusi

106 2191 397 2290 resurresiiuuem
432 2187 654 2289 munifeliutu
674 2187 880 2287 fundorum
912 2192 981 2268 &c
1043 2190 1140 2271 Cum

106 2307 281 2382 nimirum
328 2305 493 2379 venerint
532 2303 629 2380 elelli
663 2325 709 2378 ex
742 2325 873 2402 magua
907 2301 1141 2382 tribulatione

108 2433 148 2493 et
167 2416 288 2515 praelio
306 2415 388 2503 illo,
418 2413 519 2515 quod
533 2415 697 2492 futurum
711 2415 761 2493 est
779 2417 979 2513 agentibus
993 2414 1143 2495 sedudlia

107 2530 258 2606 asoluto
274 2529 420 2614 Sarana,
441 2528 553 2627 Apoc.
575 2524 668 2604 XX.
682 2550 719 2618 7.
740 2528 972 2628 praedidluna:
995 2552 1144 2624 quorum

107 2663 277 2717 nuuurerus
304 2634 347 2724 eil
366 2636 450 2727 sicut
468 2660 577 2713 erute
600 2641 722 2713 neuris.
780 2637 825 2714 Et
844 2637 1070 2733 ascenderunt
1080 2639 1145 2736 fu.

99 2765 173 2852 per
199 2750 420 2826 latitudinem
446 2759 568 2834 terra,
599 2760 633 2824 et
649 2741 865 2826 circuierunt
883 2746 993 2836 cellro
1004 2749 1145 2849 fundo.

108 2887 217 2948 rum,
248 2874 282 2937 et
296 2864 478 2936 ciuitatem
509 2859 677 2937 dilucium.
737 2858 780 2938 u
804 2861 974 2959 descendit
991 2866 1085 2960 iguis
1104 2862 1146 2941 de

109 2972 218 3059 cerlo,
247 2982 279 3048 et
296 2974 485 3049 devoravit
504 2994 577 3049 eus:
606 2984 640 3050 et
658 2969 814 3050 diodolus
832 3029 841 3059 ,
869 2977 934 3070 qui
939 2973 1144 3072 seducebat,

107 3085 232 3186 euiffiu
252 3081 295 3172 eil
325 3088 363 3160 in
386 3082 546 3181 siuguum
574 3088 692 3181 ignis,
736 3097 770 3162 et
785 3083 969 3185 sulphuris
982 3140 1001 3175 ,f
1023 3084 1085 3163 ubi
1113 3100 1148 3164 et

110 3197 238 3286 bellio,
269 3209 302 3272 et
322 3196 619 3297 pseudopropheta
650 3195 904 3274 cruciabuntur
922 3198 978 3275 ulie
996 3221 1036 3275 uc
1052 3201 1149 3278 nulle

111 3314 155 3389 iu
178 3309 291 3403 seequ
323 3307 527 3403 herulorum.
586 3308 628 3386 Et
655 3310 734 3386 vidi
761 3309 930 3387 thronum
957 3333 1146 3408 maguum,

114 3424 303 3499 currdidum
325 3420 543 3520 etserleutem
561 3419 666 3518 super
692 3444 791 3508 eum,
822 3425 958 3498 uuuius
974 3421 1149 3521 conspeliu

105 3530 216 3638 fluuit
238 3545 338 3609 terro
364 3547 397 3609 et
414 3531 558 3621 culum,
590 3545 623 3609 et
647 3532 739 3610 lucus
761 3556 830 3608 nun
845 3531 890 3621 eli
909 3538 1073 3611 inventur
1089 3542 1148 3613 eis.

116 3645 348 3726 Articulatius
364 3645 441 3724 haec
453 3643 541 3724 Luc.
557 3642 668 3724 XXs.
683 3644 950 3736 describuntur.
967 3649 1027 3724 ubi
1049 3648 1149 3726 eletli

617 3755 715 3852 X4
978 3759 1095 3839 leuare

161 3915 196 3989 u)
221 3909 325 3972 bsatrb.
341 3911 453 3974 xxiv.
478 3931 528 3975 aa.
592 3917 627 3990 b)
648 3912 717 3978 Luc.
734 3911 821 3979 xxi.
847 3923 895 3986 28.

164 4004 195 4073 c)
217 3994 253 4057 T.
278 3993 326 4057 tv.
350 3994 424 4059 Bibl
443 3996 497 4060 PP.
524 4015 553 4074 p.
577 4004 626 4080 64.
