2506 4958
259 221 412 297 regnam
442 194 570 288 Chribi
584 200 623 275 in
639 201 757 277 terris.
779 221 807 276 a.
820 194 1004 278 XXVIII.
1064 218 1147 300 247

111 372 136 463 ,ἱ,
165 363 268 451 sciat,
289 385 365 439 ‘aas
384 361 578 448 erficere,
605 385 684 462 qaae
705 361 889 449 nesciunt,
921 363 1063 442 nostros
1076 368 1145 443 aad

110 533 134 570 ‚,
164 493 237 554 tem
264 475 472 572 negligere.
518 475 618 575 qnod
648 473 819 562 credant,
850 498 891 551 ac
912 499 974 576 per
997 476 1070 554 hoc
1098 475 1140 552 ii-

111 646 134 682 „
165 588 222 665 los
251 588 504 683 magistrorum
534 609 681 687 peccare
709 589 830 675 vitio,
877 589 1017 665 nostros
1044 589 1139 682 Iu03

110 757 134 794 „
164 700 248 776 illos
267 702 500 798 Ignorantes,
532 700 674 775 nostros
702 698 870 792 scientes3
914 700 994 776 ilios
1023 701 1060 779 id
1089 701 1140 777 fa·

106 869 130 909 υ
161 835 263 904 cere3
297 812 397 912 qaod
418 826 546 909 putent
566 810 723 896 tedam.
756 810 896 887 nastros
913 811 1014 911 quad
1034 813 1143 890 sciant

110 975 133 1018 „
163 923 230 1002 effe
254 921 468 1023 perversam.
526 920 570 999 Et
589 922 675 999 ideo
702 922 795 999 insto
818 922 953 999 iudicio
973 920 1058 1000 illasx
1079 947 1141 1025 pa-

111 1093 135 1130 „
164 1039 285 1113 tientia
307 1033 378 1112 Dei
397 1033 564 1119 sustinet.
605 1052 641 1109 et
662 1057 728 1110 nos
748 1034 1052 1112 animadversione
1069 1042 1142 1114 ·ca'·

111 1205 135 1241 „
166 1152 292 1245 stigat:
321 1142 403 1247 quii
429 1148 565 1244 ignosci
593 1145 815 1246 aliquatenus
841 1147 1052 1246 ignorantia.
1074 1169 1142 1248 plo·

111 1315 135 1353 „
164 1261 249 1345 test,
271 1275 477 1336 contemtus
496 1259 632 1334 veniam
651 1280 726 1334 non
749 1273 915 1335 meretur.
968 1259 1027 1337 Sic
1042 1261 1140 1336 eninr

111 1428 136 1464 „
166 1370 335 1470 scriptum
354 1371 423 1445 est:
441 1428 463 1463 „
506 1368 659 1456 Servus,
701 1372 762 1466 qui
784 1368 890 1467 nescit
921 1368 1141 1446 voluntatem

113 1481 265 1560 Domini
285 1481 363 1574 sui,
409 1494 443 1558 et
459 1506 527 1556 nan
542 1478 638 1580 facit
665 1504 767 1571 eam3
804 1475 988 1578 vapulabit
1007 1485 1140 1580 paucis.

111 1593 190 1697 ,Qui
214 1607 329 1668 autem
339 1592 413 1691 fiir
428 1619 528 1680 eam,
566 1605 600 1668 et
623 1615 691 1667 nan
711 1590 807 1693 facit
826 1617 928 1681 eam.
958 1592 1144 1692 vapulabit

114 1704 247 1784 maltis.
302 1762 324 1798 „
354 1705 444 1782 Non
463 1730 554 1805 erga
577 1709 770 1793 miremur,
798 1705 902 1808 quod
929 1706 1048 1783 maltis
1074 1729 1142 1783 cae-

116 1877 139 1913 ,‚
169 1819 309 1903 dintur,
346 1811 435 1919 'quia
478 1842 557 1894 non
597 1819 802 1903 inscientia,
848 1817 905 1894 sed
948 1816 1144 1895 rebellione

115 1987 139 2026 ,‚
169 1953 369 2029 peccamus.
386 1985 406 2021 „
464 1927 667 2027 Deinceps,
696 1942 870 2027 quantum
900 1928 943 2003 ad
971 1922 1145 2006 vitamet

115 2035 424 2123 conversationem
443 2043 620 2140 pertinet,
651 2064 716 2140 per
744 2054 864 2116 toturn
883 2038 981 2115 illurn
1008 2039 1143 2117 Iibrunr

116 2152 396 2232 differtationem
422 2153 671 2238 instituturus,
695 2148 882 2254 Quideli,
915 2151 1079 2239 orditur,
1105 2155 1145 2226 in

117 2291 184 2364 qua
201 2269 248 2342 eis
264 2275 326 2346 aut
337 2279 539 2362 praparrere
555 2287 632 2351 aas,
652 2276 713 2339 aut
726 2267 832 2339 etiam
848 2277 1054 2361 comparare
1067 2260 1146 2360 pas·-

105 2376 239 2474 fimus?
259 2377 370 2477 idque
394 2400 456 2477 per
480 2376 613 2473 finguia
631 2379 745 2474 capita
773 2376 938 2476 deinceps
954 2375 1144 2453 discrimen

118 2490 284 2574 ostendit,
297 2504 405 2588 atque
422 2490 517 2588 epist.
533 2487 598 2565 IX.
614 2489 656 2563 ad
668 2488 853 2568 Salonium
867 2487 947 2587 epis.
962 2491 1020 2564 cai
1031 2487 1144 2565 libras

117 2603 163 2677 de
185 2603 336 2699 gubern.
365 2599 436 2677 Dei
467 2598 653 2698 inscripsit,
693 2599 737 2675 de
756 2598 822 2675 illis
849 2598 997 2676 eandem
1028 2599 1145 2676 reddit

118 2718 318 2794 rationein,
346 2730 381 2787 et
409 2714 533 2811 pandit
560 2708 781 2787 occasionem
800 2713 944 2809 operis,
975 2708 1149 2807 multipii-

120 2848 171 2901 ces
215 2822 483 2916 christianornm
517 2837 603 2918 pane
652 2824 807 2896 ananiam
849 2818 1013 2907 mathat,
1044 2834 1148 2917 atqua

119 2936 285 3013 ananan
305 2938 344 3009 ira
372 2933 513 3026 Eccleba
541 2933 682 3030 pastris,
731 2956 800 3007 aron
816 2930 935 3030 salum
963 2954 1032 3007 nan
1058 2930 1147 3027 pali-

119 3050 202 3146 poni
221 3050 338 3122 anania
362 3046 454 3135 Dea,
477 3045 543 3141 sed
557 3062 664 3141 prope
686 3046 805 3120 canda
823 3045 989 3141 praepont.
1046 3041 1145 3118 Nam

120 3171 155 3235 et
179 3156 301 3250 ebrIafi
327 3162 365 3234 in
402 3157 625 3234 ebrietatibus
671 3156 785 3233 Deam
817 3155 984 3253 spernere
1023 3152 1148 3230 viden-

119 3283 211 3356 tur,
243 3271 418 3377 et‘cupidi
448 3270 727 3366 incupidum,
769 3279 802 3344 et
830 3267 998 3364 inpudici
1024 3268 1063 3341 in
1101 3260 1147 3341 Ii·
1198 3282 1202 3287 ·

119 3382 253 3470 bidiae,
285 3394 318 3457 et
340 3386 478 3458 citrarii
501 3384 538 3455 in
562 3379 792 3466 trudebant,
836 3392 870 3472 et
891 3381 929 3454 in
953 3377 1008 3453 bis
1031 3398 1148 3466 amnas
1221 3382 1225 3397 '

116 3511 217 3592 penas
242 3496 442 3571 amnestia.
502 3494 560 3570 Sic
581 3497 615 3568 in
635 3492 688 3568 his
714 3493 860 3593 aliisque
879 3491 1048 3567 omnibus
1070 3490 1148 3566 bar-

121 3610 227 3681 baros
256 3631 338 3682 cunr
359 3605 530 3683 Romanis
566 3604 790 3682 contendens
816 3660 827 3691 ,
870 3602 937 3679 has
960 3600 1028 3679 illis
1051 3601 1149 3680 deta·

119 3722 233 3795 riores
259 3718 431 3797 describit.

574 4009 673 4102 Qa
821 4076 824 4081 .
922 4005 1098 4086 Canna·
