2506 4958
63 172 67 247 ξ
85 178 99 233 Ι

274 245 426 322 regnum
452 217 582 312 chrisis
612 223 654 299 in
690 222 810 302 terrie.
837 246 867 304 c.
893 222 985 306 XII.
1103 240 1151 308 61

110 444 129 484 „
154 388 264 466 detur
279 411 473 465 annorum.
534 385 650 466 Etiam
685 412 739 464 res
769 381 839 489 ip'sa
870 389 1049 479 declarat,
1082 390 1157 492 sap-

108 558 129 597 „
155 502 257 590 sum,
289 504 504 601 ruinamque
531 523 651 577 rerum
683 502 784 577 brevi
814 501 917 578 i'ore:
962 503 1025 580 nisi
1053 504 1156 605 quod

109 671 129 709 „
154 615 335 692 incolumi
376 615 465 690 urbe
490 611 608 690 Roma
643 611 734 689 nihil
760 615 856 691 istius
886 615 987 691 modi
1013 616 1157 695 videtur

111 784 131 820 „
156 723 229 803 esse
250 725 499 803 metuendum.
562 725 607 804 At
639 748 725 801 vero
745 749 828 803 curn
850 742 958 827 caput
986 727 1075 806 illud
1096 751 1159 812 or.

109 896 128 933 ,‚
154 841 210 914 bis
227 839 427 924 occiderit,
458 822 543 932 ρόμη
570 841 587 931 (
602 834 731 926 ricus)
759 836 827 914 eise
843 841 1022 939 coeperit,
1053 841 1159 941 quod

109 1008 128 1045 „
154 949 300 1050 Sibyliae
328 949 411 1026 fore
441 952 565 1034 aiunt,
602 952 682 1048 quis
701 952 842 1027 dubitet
872 949 1002 1028 venisse
1026 955 1094 1027 iarn
1115 951 1158 1030 si.

108 1120 128 1158 „
155 1086 242 1140 nem
270 1062 375 1139 rebus
405 1062 597 1145 humanis,
642 1062 1030 1162 orbique'terrarunri
1048 1058 1052 1066 ’
1071 1063 1155 1154 illa,

109 1232 129 1269 „
157 1175 214 1250 isla
245 1175 296 1251 est
331 1179 480 1259 civitas,
534 1197 615 1273 quae
653 1174 771 1251 adhuc
808 1175 977 1252 sustentat
1002 1180 1156 1273 omnia3

110 1343 131 1382 „
155 1286 435 1387 precandusque
461 1288 568 1362 nubis
591 1300 627 1361 et
650 1286 855 1363 adorandus
881 1289 930 1364 est
957 1286 1059 1366 Deus
1078 1312 1159 1367 coe·

108 1456 130 1494 „
157 1403 206 1484 ii.
239 1397 400 1475 srtanren
427 1396 552 1475 statuta
585 1401 661 1474 eius
688 1411 723 1474 et
754 1398 883 1498 placita
913 1398 1053 1477 differri
1073 1398 1158 1501 pos-

111 1568 130 1606 „
158 1510 265 1596 sunt,
300 1535 344 1587 ne
378 1512 505 1597 citius,
544 1533 653 1610 quam
690 1527 881 1608 putemus,
924 1513 1159 1613 tyrannuail·

111 1681 132 1718 „
158 1622 192 1700 le
216 1621 465 1700 abominabilis
487 1627 625 1707 veniat,
657 1624 720 1723 qui
739 1639 879 1699 tanturn
916 1624 1052 1702 sacinus
1076 1650 1160 1702 nro.

111 1792 131 1831 a
157 1735 297 1823 liatur,
326 1759 368 1812 ac
400 1735 525 1812 lumen
558 1734 646 1811 iliud
673 1732 848 1837 effodiat,
888 1740 994 1816 cuius
1008 1729 1158 1819 interitu

109 1906 130 1945 „
159 1846 321 1927 mundus
347 1847 420 1949 ipse
444 1844 603 1948 lapsurus
628 1847 688 1924 eu

162 2012 206 2093 sd
237 2010 339 2115 quod
360 2009 405 2086 de
423 2008 500 2110 ipso
530 2007 565 2084 8.
587 2004 701 2086 Paulo
723 2019 895 2086 notarunt
914 2010 1126 2109 interpretes
1139 2065 1157 2101 ,

110 2150 194 2206 eurn
220 2148 297 2201 non
313 2136 436 2225 aperte
457 2133 608 2223 propter
630 2119 748 2220 ipsos,
779 2125 841 2221 qui
862 2121 1015 2199 summae
1033 2145 1157 2201 rerum

106 2240 308 2322 tenebant,
338 2232 565 2321 Romanos,
609 2228 711 2310 fuisse
739 2232 935 2322 locutum,
968 2233 1004 2312 id
1036 2233 1158 2313 multo

108 2356 225 2449 magis
255 2349 300 2425 de
329 2349 404 2424 asiis
432 2345 662 2444 scriptoribus
697 2343 892 2423 christianis
935 2344 1058 2424 sansiia
1094 2345 1159 2425 Pa·

107 2467 223 2540 tribus
252 2461 534 2538 animadvertere
565 2459 623 2534 est.
683 2455 798 2537 Cuius
824 2460 874 2535 rei
906 2458 1085 2560 specimen
1116 2463 1157 2537 in
1237 2479 1245 2492 ·

110 2574 142 2652 8.
179 2573 318 2652 Iacobo
357 2569 531 2650 Nifibeno
571 2569 758 2659 habetur,
814 2571 901 2649 dum
952 2572 1158 2650 sermonem

108 2684 154 2763 V.
185 2686 227 2762 de
255 2684 346 2762 Besa
370 2683 580 2783 inscriptum
613 2678 653 2770 u)
683 2679 731 2757 fic
767 2682 1001 2782 auspicatur:
1049 2674 1160 2760 Tenet

105 2812 164 2876 trre
193 2819 305 2884 nunc,
335 2818 379 2872 oc
395 2793 564 2895 sollicitat
593 2795 762 2888 cogitatio
785 2791 936 2888 nrysierii
963 2797 1004 2871 de
1033 2794 1162 2871 turbu.

106 2910 204 2988 leuto
229 2912 484 2994 commotione,
515 2929 588 3004 quae
607 2919 717 3002 prope
746 2901 814 2994 est,
846 2917 884 2980 ut
906 2906 962 2983 hir
989 2909 1160 3004 tempori-

106 3021 171 3100 ons
208 3021 273 3112 sut
308 3037 376 3120 per
410 3030 586 3097 exercitus
620 3029 850 3114 congregator
881 3018 930 3094 ud
957 3021 1158 3097 interitum.

113 3136 291 3232 Tempora
330 3138 403 3211 inm
428 3132 568 3230 definito
586 3129 676 3228 sunt
705 3129 827 3207 aDeo.
888 3130 1094 3210 s.1acobus
1121 3154 1163 3210 en

106 3254 202 3326 circa
224 3263 388 3346 tempora
412 3244 568 3344 scripfit,
612 3243 760 3344 quando
781 3242 1015 3322 Constantius
1039 3243 1162 3321 occiso

108 3363 250 3446 sratre,
290 3376 393 3460 parte
426 3360 567 3456 imperii
599 3361 674 3432 eius
700 3375 875 3455 occupata
909 3357 977 3432 iate
996 3358 1161 3433 domina·

107 3473 241 3556 hatur,
271 3471 380 3572 atq‘ue
409 3471 575 3548 Ariananr
602 3471 786 3546 tutabatur
810 3467 953 3543 harena
977 3469 1161 3546 orthodo-

106 3607 178 3661 xos
190 3583 393 3684 persecutus
406 3588 441 3659 in
456 3577 631 3667 Oriente,
650 3579 737 3656 dum
758 3582 793 3654 in
808 3575 918 3656 Persia
934 3579 1163 3680 persequere·

106 3713 170 3773 tur
197 3695 408 3772 christianos
431 3697 571 3794 Sapor,
602 3709 643 3769 ut
669 3715 744 3768 uno
767 3689 971 3768 Parasceves
998 3694 1055 3768 die
1077 3716 1163 3771 cen·

105 3824 189 3888 tum
214 3808 377 3911 episcopi
406 3808 754 3910 compresbyteris,
792 3819 827 3880 et
858 3805 995 3885 clericis
1017 3805 1156 3882 occide·

1027 3940 1110 3994 ren·

145 4078 187 4159 a)
207 4069 245 4141 T.
269 4068 305 4140 V.
334 4066 406 4139 utut
430 4069 483 4138 PP.
504 4091 533 4150 p.
557 4066 662 4136 XXX.
