2506 4958
202 238 352 319 regnum
376 214 556 308 cartoro
571 216 690 321 terra.
709 238 737 297 c.
751 208 974 301 aarum.
1032 158 1115 323 ,37

88 444 96 481 ‚
127 398 215 465 ante
241 380 341 460 hunc
368 404 388 457 a
413 378 583 458 Romano
615 379 784 480 pontifice
809 389 1128 464 excommunicas

88 514 209 591 ,tum
239 493 295 571 vel
328 514 444 590 regno
476 496 676 590 privatum,
720 492 781 569 nisi
812 494 907 570 forte
936 501 1013 601 quir
1038 520 1110 596 pro
1244 528 1248 537 ·

88 667 96 704 ‚
126 605 354 687 anathemate
384 604 588 680 habendum
618 604 745 690 ducat,
792 607 892 705 quod
922 605 1109 707 Philippus

88 780 103 817 ,
130 720 178 799 ad
202 721 312 794 breve
336 733 477 812 tempus
499 711 706 792 aRomano
726 717 895 815 pontifice
919 720 1010 794 inter
1027 744 1109 818 pue·
1197 794 1200 800 .

88 889 97 928 ,
128 839 285 910 nitentes
304 827 523 912 collocatus,
554 839 590 903 et
613 824 838 913 Theodoiius
861 831 1122 907 aneatorum..

88 1003 98 1042 ,
128 938 251 1044 brolio
269 954 420 1040 propter
446 950 629 1015 cruentam
651 938 783 1015 caedem
804 938 1020 1017 aliminibus
1042 940 1109 1020 Ec·

88 1115 100 1151 ‚
130 1051 243 1135 cleiiae
263 1051 496 1152 sequestratus
525 1046 565 1124 fit
582 1098 615 1141 „,
673 1049 785 1135 Sunt,
816 1055 877 1150 qui
904 1049 1132 1133 Hrnricum,

88 1166 146 1247 iV.
174 1161 377 1266 depolitum
398 1175 567 1261 tanquam
591 1160 634 1237 ab
661 1157 823 1248 arbitro,
856 1177 896 1238 ut
916 1162 1046 1240 Amore
1067 1168 1108 1245 in

88 1276 245 1356 uindiciis
275 1271 442 1352 iurisdiii.
472 1271 557 1349 eccl.
580 1285 706 1360 vocat,
742 1270 946 1372 necefforio,
975 1276 1108 1355 dicant.

88 1390 197 1468 Aliter
217 1387 286 1463 dici
318 1385 461 1484 potest,
492 1381 713 1481 Gregorium
736 1384 770 1461 id
799 1383 915 1462 ieciffe
936 1400 1112 1487 tanquam
1233 1418 1236 1423 ·

88 1500 283 1603 expetitum
302 1496 473 1574 arbitrum
495 1499 683 1595 utrinque,
704 1496 748 1572 ab
769 1495 845 1596 ipso
871 1501 978 1574 etiam
1008 1494 1132 1575 Hena‘
1238 1532 1241 1543 1

88 1618 187 1698 rico,
218 1609 314 1687 ultro
341 1619 546 1707 acceptante
569 1630 760 1706 procerum
787 1611 925 1709 imperii
951 1613 986 1685 in
1017 1634 1107 1688 con-

88 1738 196 1803 rentu
212 1717 434 1798 Triburieni't
452 1743 507 1795 an.
531 1731 643 1802 1076.
665 1719 837 1795 eiusmodi
856 1719 1107 1812 conditiones,
1205 1770 1208 1774 ι

88 1858 175 1938 quau
203 1832 297 1933 apud
328 1829 559 1909 Lambertum
584 1828 853 1928 Schaffnaburg.
883 1830 1002 1928 legere
1029 1834 1107 1922 est,
1198 1895 1204 1912 .

88 1951 138 2026 uti
156 1945 293 2023 ostendi
318 1943 359 2018 dc
380 1933 557 2035 liudolpho
575 1939 718 2015 Srreoico
742 1945 866 2016 comite
885 1939 1110 2039 Rhinfoldeo-

88 2057 213 2145 iduor
233 2066 267 2135 et
288 2077 390 2150 rege,
420 2052 478 2130 seu
499 2051 724 2138 anticaeiare,
766 2056 828 2153 qui
856 2053 1017 2131 suffetius
1040 2054 1113 2133 fuit

88 2197 103 2248 a
122 2168 342 2271 principibus
357 2167 496 2263 imperii
514 2162 719 2295 Germarpici
734 2166 770 2239 in
797 2163 944 2241 Henrici
963 2164 1111 2245 loeuma

87 2285 148 2361 ubi
177 2283 284 2359 etiam
301 2274 458 2376 spariim,
488 2264 650 2375 quaenaru'
671 2272 780 2354 cauiae
799 2296 875 2352 tum
907 2281 1109 2378 principes,

87 2387 422 2492 tuar‘pontificem,
451 2387 719 2488 conciliumque
741 2387 950 2468 Romanurn
972 2394 1013 2466 ad
1032 2410 1110 2493 tana¹

88 2518 168 2585 tum
186 2502 321 2580 facinus
342 2503 628 2584 commoverint,
649 2502 777 2597 attigi,
807 2502 876 2600 ipsa
894 2506 999 2576 etiam
1020 2526 1115 2580 uxo.

88 2640 126 2694 re
143 2612 355 2697 Adelheide,
385 2611 430 2687 ad
445 2635 505 2687 an.
528 2631 640 2700 1095.
660 2624 705 2686 ut*
718 2609 905 2688 Bertoldus
925 2613 1112 2692 Constant.

89 2741 236 2812 narrat,
267 2724 387 2800 multis
412 2724 548 2800 iniuriis
575 2720 743 2806 iaceffita,
772 2724 961 2822 multii'que
993 2728 1114 2813 arronis,

90 2864 138 2916 ne
168 2837 384 2923 elaberetur,
415 2824 612 2920 custodita,
651 2832 793 2910 tandem
821 2836 864 2911 ad
896 2833 1116 2912 Weuunem

90 2953 222 3028 ducem
250 2945 355 3025 Italiae
378 2947 611 3044 aufugiente,
641 2968 720 3045 quae
745 2945 777 3021 se
808 2959 939 3029 tantas,
972 2962 1118 3044 turrique

93 3061 268 3138 inauditas
294 3058 575 3135 fornicationum
601 3057 805 3156 spurcitias,
830 3076 865 3133 et
882 3061 1016 3133 arantis
1045 3057 1121 3157 pas·

95 3174 168 3250 sam
194 3167 295 3248 fuiffe
321 3170 512 3269 conquesta
540 3169 606 3254 est,
639 3184 677 3243 ut
701 3169 821 3266 fugam
855 3169 952 3246 suam
976 3169 1121 3245 excusa,

98 3300 162 3361 ret.
220 3281 459 3359 Dodechinus
492 3283 527 3356 in
551 3280 703 3380 append.
728 3282 771 3356 ad
796 3279 998 3357 Marianum
1032 3284 1121 3356 Sem

97 3412 176 3473 tum
203 3393 246 3468 ad
266 3417 401 3469 annum
425 3404 536 3479 1096.
568 3408 776 3497 memorat,
800 3390 862 3491 ipsi
883 3395 988 3467 etiam
1019 3394 1121 3470 Con·

99 3505 188 3583 rado
219 3502 320 3590 filiu,
362 3506 399 3579 ni
435 3518 583 3580 matrem
621 3519 871 3602 corrumperet
899 3527 1119 3594 novercam,

100 3621 276 3694 minatum
299 3630 457 3714 patrem,
489 3630 655 3714 tanquam
678 3614 834 3712 spurium
853 3613 964 3689 filiurn
985 3615 1016 3689 ie
1036 3625 1122 3714 pros
1159 3704 1162 3711 ¹

98 3716 348 3807 ciamaturum.
407 3724 488 3802 Eius
515 3738 588 3802 erat
613 3720 765 3810 indolis,
798 3740 837 3803 ut
859 3731 1022 3802 omnium
1045 3731 1126 3826 qui,

102 3843 169 3917 bus
197 3843 241 3914 ab
265 3837 409 3914 infantia
437 3838 585 3914 tr‘aditus
620 3838 757 3923 fuerat,
815 3858 936 3914 cutam
966 3837 1124 3926 falleret,

102 3946 258 4050 piiffimae
283 3952 402 4030 matris
423 3947 570 4050 Agnetis
589 3951 768 4049 primum,
808 3948 937 4028 deinde
964 3952 1128 4027 Annonir

104 4062 212 4142 Tora.
247 4061 273 4141 1.
609 4058 642 4135 Y
876 4170 879 4175 p
998 4059 1073 4140 Co·
