2512 4620
276 240 428 318 regnum
446 212 576 309 chrisi
590 217 631 293 in
648 217 768 296 tertis.
779 237 810 325 e.
826 213 892 297 ast.
1028 236 1108 315 149

83 441 94 479 ,
123 360 206 461 liam
226 379 507 482 congregabat?
535 377 687 459 Nerone
704 378 756 465 se.
783 379 918 469 credo,
944 391 1009 458 aut
1036 378 1113 459 Ve-

83 553 95 591 ,
124 495 301 597 spasiano,
342 484 405 571 aut
429 490 552 571 Decio
578 494 889 591 patrocinantibus
912 493 1114 597 tuebatur?

83 665 96 704 ,
125 630 284 710 quorum
314 607 353 680 in
382 628 453 682 not
474 604 566 682 odiia
593 601 768 681 consellio
791 602 922 683 divine
944 603 1116 705 praedica·

83 776 100 815 „
127 721 239 796 tionis
266 716 437 794 effloruit.
493 714 551 793 llli
569 738 678 793 manu
700 730 809 816 atque
827 715 1000 816 ope'rese
1018 716 1116 794 alen·

83 887 100 927 Β
128 846 209 917 tes,
240 832 333 905 intra
360 826 577 921 caenacula,
607 827 810 926 secretaque
827 842 1027 916 coeuntes,
1063 831 1119 907 vi.

83 1000 101 1037 ,,
129 966 194 1022 coe
219 955 256 1019 et
275 939 412 1017 callella
441 955 642 1040 gentesque
674 938 751 1016 sete
782 961 913 1017 omnes
945 954 1037 1016 tetra
1074 964 1119 1020 ac

83 1111 101 1148 ‚‚
132 1056 221 1132 mari
253 1066 381 1130 contra
431 1048 737 1131 senatusconsulta
771 1063 808 1128 et
839 1074 969 1149 regum
1005 1050 1119 1133 edilia

83 1222 103 1261 ‚,
131 1183 380 1266 peragrantes,
397 1161 513 1241 claves
528 1219 539 1251 .
553 1162 687 1249 credo,
707 1164 810 1261 regni
833 1162 1018 1241 coelorum
1036 1187 1122 1267 nou

83 1334 105 1372 „
133 1274 333 1354 habebant?
363 1275 436 1352 Aut
459 1297 536 1351 non
556 1273 736 1351 manifesta
757 1273 790 1352 se
816 1289 894 1353 tum
914 1271 988 1353 Dei
1005 1276 1122 1357 virtue

83 1445 107 1485 ,,
135 1403 262 1466 contra
287 1387 370 1464 odia
392 1385 550 1464 humana
579 1386 763 1487 porrexit,
812 1410 900 1466 cunr
923 1402 1027 1466 tanto
1047 1412 1125 1469 nra·

83 1558 107 1596 „
135 1503 190 1600 gis
213 1498 377 1578 Christus
397 1500 670 1599 praetentetur,
701 1516 839 1598 quanto
860 1502 974 1598 magia
995 1500 1125 1600 praedi·

83 1669 107 1707 ,,
135 1614 207 1690 cari
236 1608 487 1689 inhiberetur?
530 1611 579 1688 At
604 1633 720 1697 nunc,
752 1609 1003 1710 prohdolor!
1033 1611 1125 1690 divi·

83 1781 109 1821 ,‚
137 1748 220 1800 narn
234 1722 342 1799 iidem
362 1720 525 1817 suffragia
539 1735 679 1797 terrena
693 1721 980 1809 commendant,
1001 1725 1126 1826 inope-

83 1893 109 1933 „
137 1859 211 1938 que
236 1835 378 1910 virtutis
396 1829 465 1909 suae
484 1829 673 1918 Christus,
703 1829 791 1909 dum
810 1833 963 1910 ambitio
981 1839 1125 1916 nomini

83 2005 109 2044 „
138 1948 202 2025 luo
225 1943 465 2031 conciliatur.
494 1945 660 2043 arguitur
681 1998 716 2037 „.

170 2104 262 2187 Hac
289 2104 323 2184 S.
342 2102 499 2182 Hilarius
524 2103 607 2204 post
628 2102 663 2182 S.
687 2099 916 2184 Athanasium
944 2106 1129 2188 maximus

85 2219 311 2300 austoritatis
338 2216 565 2294 hierarchica
589 2217 700 2293 stator
724 2220 851 2297 consta
881 2217 1127 2299 adversantem

88 2331 311 2410 orthodoxe
334 2329 440 2417 fidei,
481 2332 519 2406 in
545 2328 688 2430 synodo
713 2329 862 2409 Nieaeoa
878 2330 1041 2432 legitima
1060 2354 1130 2436 po·

89 2444 216 2523 testate
238 2439 463 2520 ecclefiasttca
491 2456 742 2521 trecentorum
767 2440 914 2521 Parrum
947 2445 1130 2546 prascrip-

90 2571 159 2643 ω,
204 2570 294 2639 tunc
321 2558 478 2629 maxime
504 2552 759 2632 Constantium
794 2555 879 2655 imp.
910 2552 1128 2635 llrianorum

93 2684 303 2771 patronum.
353 2664 433 2743 Nec
450 2667 595 2741 minore
621 2666 751 2764 vigore
780 2665 910 2742 deinde
935 2666 969 2744 S.
986 2664 1131 2748 Basilina
1211 2676 1216 2693 ¹

94 2795 224 2858 contra
240 2776 431 2854 Valentem
456 2776 625 2854 titianum
647 2776 946 2856 orthodoxorum
970 2779 1134 2878 persecu.

95 2905 264 2970 cutorem
288 2912 401 2989 usque
428 2887 472 2964 ad
496 2904 657 2978 mortes,
695 2911 737 2966 ac
762 2888 919 2989 gloriosa
944 2894 1131 2992 martyriae

95 3002 215 3106 qualia
239 3004 344 3078 etiam
369 3003 509 3099 ingenti
539 3023 693 3078 numero
723 3003 759 3076 in
782 3001 900 3079 Africa
921 3002 1042 3101 possea
1063 3003 1136 3085 visa
1239 3088 1244 3107 2

96 3116 180 3195 sunt
196 3111 479 3199 subGenserico.
493 3110 726 3201 Hunnerico,
740 3129 776 3190 et
791 3110 1153 3195 alritvtndaloran
1240 3120 1244 3127 '

98 3227 246 3326 regibus
263 3249 332 3326 pto
348 3223 708 3302 consubstantialitate
729 3226 825 3301 verbi
844 3223 978 3313 divini,
999 3242 1041 3305 ut
1056 3229 1139 3306 nul.

100 3339 136 3416 la
156 3363 314 3440 unquam
338 3339 447 3413 luerit
467 3336 534 3412 visa
553 3335 754 3435 persecutio
768 3339 945 3426 atrocior,
974 3354 1038 3416 aut
1056 3340 1139 3419 diu·

99 3454 265 3538 tutnior,
289 3448 375 3527 Deo
399 3464 518 3525 tamen
537 3471 613 3526 non
634 3449 815 3537 tardante.
837 3449 991 3527 emedio
1008 3449 1140 3533 tollere

100 3561 349 3665 persecutores
367 3558 528 3639 Ecclefiae
554 3559 651 3648 suae,
685 3584 727 3638 ac
745 3560 935 3639 vindictam
954 3560 1141 3657 sumente,

103 3690 147 3753 ut
175 3673 356 3762 vidimus,
388 3677 423 3750 in
443 3672 726 3773 persecutoribus
752 3675 1030 3774 imperatoribut'
1048 3698 1143 3775 gen.

104 3786 250 3873 tilibus,
293 3785 602 3887 conspicuumque
626 3787 696 3866 suit
719 3788 806 3862 item
828 3787 867 3862 in
891 3783 1032 3864 loliano
1050 3812 1142 3888 apo.

103 3898 211 3989 slata,
227 3901 390 4001 quicum
408 3901 567 3999 primum
587 3897 835 3981 fraudulenter
849 3897 1142 4004 persequeretur.

964 4026 1088 4112 aperte
