2506 4958
52 218 57 223 Ι
144 168 156 193 r
208 141 361 225 regnum
389 116 521 214 carini
545 72 590 201 in
603 78 731 203 terris.
761 146 790 204 e.
817 118 965 223 XXIV,
1022 139 1108 225 209'
1147 148 1151 163 ’

134 288 344 370 ‘Gratianus
367 290 454 387 imp.
485 285 582 364 haud
606 286 715 366 dubie
738 293 878 369 cautior
899 288 1010 371 fadus
1035 296 1105 376 fuit

59 403 308 484 Valentiniani
328 404 437 499 patris
463 400 650 498 periculo.
682 405 743 502 qui
764 400 826 478 fibi
842 408 887 483 ab
907 408 1102 499 auxentii.

59 508 345 597 Mediolanenfis
366 511 523 621 episcopi
550 508 677 589 Ariani
696 529 778 591 ante
800 513 833 590 S.
858 517 1100 610 Ambrosium,

61 629 207 709 technis
229 651 306 704 non
342 625 419 702 satis
439 625 820 725 caveratspostquam
841 625 1043 708 Mediolani
1067 635 1103 714 Sa

59 740 222 822 Hilarius
254 761 338 818 cum
372 759 419 812 eo
450 733 659 834 congressus
692 737 817 818 tuerat.
877 741 963 834 Qua
992 743 1037 821 de
1062 771 1103 825 ro
1229 771 1236 783 ‘

62 865 165 933 extat
186 856 280 929 inter
301 869 412 949 opera
436 850 509 925 eius
531 859 655 924 contro
677 850 849 936 Arianos,
880 849 941 927 vel
959 854 1103 932 Auxen-

61 969 157 1042 tium
184 957 485 1056 Mediolanensem
510 960 601 1037 liber
624 983 737 1051 unus,
781 960 999 1060 dilediffimis
1015 964 1102 1067 flu.

60 1068 180 1155 eriles
202 1078 241 1152 ln
251 1075 324 1176 fide
341 1084 491 1172 paterno
511 1070 754 1161 monentibus,
784 1086 818 1150 et
839 1078 1013 1154 Arionem
1033 1081 1103 1158 he·

63 1187 154 1279 rein
185 1184 452 1277 neellamites,
483 1183 669 1282 episcopis,
699 1198 734 1262 et
759 1186 918 1265 omnibus
936 1188 1103 1288 fidelibus

61 1300 103 1391 o)
120 1300 319 1401 inscriptus.
381 1296 497 1375 Parcit
518 1296 552 1374 S.
571 1294 730 1376 Hilarius
746 1295 1003 1380 Valentiniano
1025 1328 1104 1388 nun

61 1415 179 1492 solum
216 1416 253 1490 in
291 1432 337 1489 eo
371 1410 495 1494 libro,
540 1409 598 1491 led
636 1425 673 1488 et
704 1414 899 1491 comitibus
933 1416 1099 1519 aliisque.

61 1549 159 1628 quos
195 1524 397 1603 Auxentius
432 1520 625 1612 deluserat,
669 1525 707 1600 in
738 1523 838 1604 hunc
869 1550 983 1607 unum
1012 1531 1103 1612 cala·
1164 1624 1171 1631 ¹

63 1661 171 1718 mum
207 1639 395 1736 stringens.

164 1789 352 1900 Digreffus
385 1787 598 1874 Mediolano
634 1802 742 1897 atque
774 1787 893 1887 ltalia,
940 1793 1002 1880 ubi
1037 1822 1103 1907 per

65 1937 185 1996 unum
211 1912 437 2009 alterumque
464 1932 600 1986 annum
629 1910 767 1998 fuerat.
797 1916 834 1988 in
859 1910 1010 2001 Gallias.
1048 1918 1105 1997 sn.

62 2050 197 2129 amque
224 2026 268 2102 ad
287 2020 466 2100 eccleliam
499 2018 747 2107 Pidavienlem
776 2022 811 2102 S.
838 2020 1018 2115 Hilarius,
1059 2043 1102 2109 ut

65 2144 104 2217 in
147 2134 359 2215 orthodoxa
394 2127 464 2212 fide
502 2133 658 2211 firmaret
693 2136 866 2232 patriam.
911 2139 1024 2218 vidos
1046 2166 1104 2219 rea

65 2245 155 2344 diit3
186 2250 266 2349 post
289 2245 323 2324 le
342 2246 554 2325 consecutus
575 2250 610 2323 in
635 2238 732 2324 Italia
753 2270 795 2324 ac
820 2239 1018 2330 Mediolani
1035 2254 1105 2330 im.

65 2365 214 2465 primis,
246 2356 326 2438 sede
352 2360 422 2436 iam
452 2358 664 2459 plerumque
687 2360 885 2460 imperiali,
917 2386 1040 2464 parem
1062 2364 1104 2441 fi.

67 2476 104 2552 bi
134 2465 294 2575 pugilem
319 2496 388 2571 pro
413 2469 481 2545 fide
504 2470 536 2547 S.
564 2467 817 2560 Ambrofium,
848 2477 907 2551 cui
933 2479 1013 2575 poll
1041 2478 1104 2555 de.

66 2609 173 2672 cem,
220 2600 256 2661 et
282 2582 383 2683 quod
411 2578 573 2669 excedit,
618 2607 733 2660 annos
763 2607 848 2660 cuns
878 2587 999 2662 iisdem
1031 2592 1105 2668 Au.

65 2697 198 2777 xentio
225 2712 260 2772 et
285 2693 542 2772 Valentiniano
569 2690 709 2771 iuniore
731 2699 767 2770 in
792 2720 935 2772 arenam
959 2700 1105 2780 delcen·

66 2808 230 2888 dendum
257 2807 347 2893 luit.
388 2808 578 2903 instigante
602 2800 714 2882 filium
738 2822 850 2885 matre
875 2801 1004 2889 lustina
1025 2816 1107 2892 Ari.

68 2948 157 3008 ana,
197 2943 276 3021 quae
308 2942 394 3021 pace
421 2916 566 2994 tandem
596 2942 679 2995 cum
716 2913 884 2997 Maximo
914 2926 1132 3008 conciliata

69 3060 140 3137 pru
171 3032 266 3122 illio,
296 3030 341 3109 ab
362 3027 552 3108 Ambrofio
581 3050 636 3108 an.
669 3051 715 3121 35
725 3043 758 3117 8.
793 3024 944 3112 instante
976 3034 1105 3116 Resur-

70 3144 239 3225 retlionis
274 3142 479 3223 Dominicae
516 3142 606 3219 lesto
644 3166 712 3243 pro
746 3140 884 3221 Arianis
923 3148 1105 3229 ecclefiam

68 3263 273 3362 portianam
312 3272 412 3334 extra
450 3257 575 3332 urbem
609 3251 757 3354 quidem
797 3259 1018 3354 postulavit3
1067 3264 1105 3341 S.

69 3362 279 3450 Ambrosius
298 3393 385 3446 vero
409 3391 492 3445 cum
522 3367 666 3468 populo
692 3360 954 3445 Mediolanensi
979 3375 1107 3456 invide

69 3509 112 3562 ac
133 3481 360 3567 constanter,
391 3477 452 3557 etfi
479 3502 548 3579 pro
570 3481 789 3579 imperatore
806 3493 1015 3580 peteretur.
1044 3488 1108 3564 de.

70 3596 242 3672 tretlasit.
272 3648 295 3686 „
313 3590 416 3687 Quid
434 3595 530 3668 enim
551 3592 630 3688 (ait
645 3588 683 3678 b)
705 3591 869 3670 sermone
885 3610 1013 3672 contra
1033 3600 1108 3678 Au.

70 3764 93 3801 „
124 3707 291 3784 sentium
316 3701 333 3796 )
367 3703 413 3783 de
438 3701 585 3782 bafilicis
614 3701 797 3783 tradendis
820 3707 1011 3787 timeamus
1035 3733 1105 3812 pro

72 3879 180 3964 Tum.
215 3880 242 3961 la
534 3872 573 3961 0
909 3940 933 3980 „
963 3878 1054 3968 Chri

114 3990 326 4070 nomm
389 3978 692 4069 »nuova
