2506 4958
305 258 454 336 regnum
477 230 607 327 cirilli
623 234 787 314 internis
801 258 829 315 c.
846 235 925 317 ule:
1053 255 1132 337 959

88 399 233 488 lirum,
263 397 463 507 spedrum.
492 397 717 500 phantasma,
745 413 788 478 ut
810 397 871 500 ipsi
888 398 983 478 suam
1003 397 1129 480 sedam

88 509 311 614 appellant,
354 509 455 588 fuisse
479 511 720 589 debellatum:
747 511 834 588 dum
855 513 967 612 palam
998 514 1070 600 est,
1092 518 1130 590 in

88 622 309 701 rdamnando
351 621 565 700 lansenismo
594 623 818 700 concordem
845 645 929 700 cum
956 624 1130 725 pontifice

88 733 191 821 telle,
207 751 314 835 atque
329 735 421 810 adeo
440 738 546 811 etiam
564 736 600 810 in
622 735 779 813 concilio
796 734 952 833 generali
971 735 1130 814 suturam

88 844 171 932 resse
196 845 414 922 sententiam.
475 846 529 922 Ad
550 845 697 944 praesens
729 868 845 946 usque
862 844 1017 925 seculum
1044 846 1129 926 Gal·

88 955 146 1043 llia
164 959 418 1034 continebatur
436 956 512 1034 haec
530 957 638 1045 seua,
668 960 790 1057 paucis
814 956 1020 1060 ibidemque
1044 982 1129 1037 cum

88 1063 141 1154 r'ea
163 1068 374 1146 facientibus
400 1069 583 1170 episcopis.
644 1066 743 1146 Idem
770 1071 951 1167 contigit,
982 1070 1131 1172 quando

88 1203 121 1271 ra
135 1179 326 1257 Clemente
349 1176 417 1258 Xl.
448 1182 595 1256 ineunte
623 1177 696 1258 hoc
716 1178 833 1259 seculo
858 1178 1000 1259 XVlll.
1037 1182 1130 1260 edita

88 1291 152 1387 lest
171 1285 265 1367 bulla
294 1289 578 1378 Uurouuraus,
624 1309 802 1393 acceptata
830 1293 873 1368 ab
896 1291 1131 1393 archiepisco-

88 1405 157 1503 ,pis
181 1418 216 1477 et
245 1405 418 1503 episcopis
452 1403 578 1481 Gallia
614 1406 727 1500 (curn
759 1404 841 1481 alibi
867 1406 1033 1504 gentium
1060 1426 1130 1484 nec

88 1513 312 1613 rdisceptatio
333 1515 378 1590 de
401 1539 440 1591 ea
472 1510 582 1601 elset)
612 1516 742 1614 paucis'
763 1513 966 1594 resrallariis
996 1539 1129 1618 excep·

88 1627 167 1710 tls,
197 1626 257 1726 qui
276 1626 409 1703 iudicio
426 1643 461 1701 et
479 1626 685 1702 audloritate
708 1640 786 1703 tum
808 1624 1014 1715 Gallorum.
1045 1651 1130 1708 curn

96 1740 208 1814 etiam
230 1736 377 1813 aliarum
403 1737 668 1816 catholicarum
683 1739 847 1835 gentiunt
875 1737 1129 1838 episcoporum

95 1848 332 1928 unanimi-ad
356 1846 531 1925 silentium
563 1847 619 1923 seu
652 1848 695 1922 ad
727 1847 877 1926 nihilum
902 1849 1047 1926 suerunt
1076 1874 1131 1926 re·

89 1959 208 2038 'dedit
240 1960 352 2035 robur
375 1983 523 2059 quoque
545 1959 697 2035 addente
726 1958 834 2035 tutela
856 1957 1050 2036 Galliarum
1076 1984 1132 2037 re.

89 2075 178 2171 gis,
205 2075 359 2170 atqueio
375 2070 501 2169 Belgio
511 2070 699 2169 'cathplico
718 2068 918 2150 Caroli'Vl.
947 2073 1129 2170 impcum

90 2182 174 2258 illic
201 2180 346 2278 gliscere
375 2187 548 2282 inciperet
583 2181 692 2258 sessa:
736 2199 847 2283 prout
872 2181 948 2259 haec
977 2184 1132 2259 brevitet

88 2313 238 2369 wnarrata
274 2291 443 2392 leguntur
472 2297 506 2370 in
542 2294 838 2370 remonstratione
873 2293 1132 2394 archiepiscopi

88 2399 314 2503 Viennensis
340 2405 524 2483 cardinalis
557 2405 600 2482 de
627 2403 816 2503 Miggazzi
840 2430 894 2482 an.
924 2418 1039 2498 1781.
1086 2403 1131 2482 ad

89 2511 293 2614 losephum
311 2514 352 2594 ll.
385 2521 472 2616 imp.
493 2521 554 2617 qui
577 2516 756 2592 delatione
772 2517 923 2616 quadam
939 2518 1128 2619 deceptus,

90 2646 143 2704 ac
171 2625 195 2701 s1
223 2625 317 2702 bulla
343 2628 602 2704 Unroeurrus
627 2627 835 2726 potestatem
860 2644 959 2726 papae
982 2632 1018 2705 in
1039 2646 1133 2733 tem-

91 2732 237 2839 puralia
269 2742 472 2840 principum
492 2738 679 2824 stabilitet,
710 2757 787 2814 eam
808 2741 920 2815 vetito
939 2740 975 2815 in
999 2738 1130 2840 Belgio

92 2853 307 2928 iuramento
339 2852 590 2952 episcoporum
619 2847 720 2950 super
750 2850 947 2953 formulare
979 2850 1133 2952 Alexan·

91 2963 158 3040 dri
177 2960 259 3039 Vll.
287 2963 561 3071 proscripserat,
591 2975 757 3038 revocata
787 2974 904 3039 tamen
923 2961 1032 3062 paulo
1050 2962 1134 3064 post

96 3074 304 3178 sententia,⁸
333 3075 632 3151 contentionibus
655 3071 855 3152 scholarum
874 3090 1041 3161 tantum,
1070 3073 1133 3149 sal-

96 3205 155 3262 vo
177 3185 373 3283 dogmate.
403 3184 603 3286 prohibitis.
662 3184 747 3280 Qua
761 3186 806 3261 de
826 3210 864 3261 re
879 3185 951 3287 ipse
968 3183 1135 3286 pontifex

98 3297 142 3374 in
174 3299 237 3372 suo
263 3296 377 3374 reditu
412 3295 553 3373 Vienna
580 3297 689 3374 literis
719 3297 1026 3397 archiepiscopum
1055 3296 1135 3373 ille·

99 3406 355 3494 chliniensem,
376 3410 589 3486 cardinalem
605 3410 649 3484 de
665 3407 690 3486 F
694 3406 919 3508 rankenberg
934 3413 1019 3510 (qui
1036 3408 1136 3487 caesa·

101 3543 183 3598 rem
201 3541 256 3594 an.
287 3532 400 3611 ¹78¹·
431 3523 467 3596 in
495 3518 621 3618 Belgio
643 3520 878 3596 divertentem
895 3523 962 3594 iam
981 3521 1136 3598 edocue-

105 3646 183 3713 rat,
219 3629 350 3705 bullam
379 3630 635 3728 Unici-:arros
657 3632 843 3708 continere
862 3631 1075 3710 decisionem
1099 3635 1135 3726 iu

104 3744 256 3822 materia
276 3741 356 3818 fidei
381 3765 443 3842 per
460 3767 586 3818 omnes
616 3743 805 3843 episcopos
830 3747 951 3843 paucis
976 3748 1136 3844 exceptis
1205 3815 1214 3835 ,

99 3853 305 3955 restagariis
332 3851 580 3957 acceptatam)
621 3858 814 3949 certiorem
837 3855 942 3972 lecit.
979 3879 1058 3958 quae
1088 3855 1137 3929 le·

596 3991 635 4070 Z
662 4013 688 4085 4
753 4085 756 4088 g
944 4007 1085 4093 guntur
