<?xml version="1.0" encoding="UTF-8"?>
<!DOCTYPE html PUBLIC "-//W3C//DTD XHTML 1.0 Transitional//EN"
    "http://www.w3.org/TR/xhtml1/DTD/xhtml1-transitional.dtd">
<html xmlns="http://www.w3.org/1999/xhtml" xml:lang="en" lang="en">
 <head>
  <title>
</title>
<meta http-equiv="Content-Type" content="text/html;charset=utf-8" />
  <meta name='ocr-system' content='tesseract 3.04.00' />
  <meta name='ocr-capabilities' content='ocr_page ocr_carea ocr_par ocr_line ocrx_word'/>
</head>
<body>
  <div class='ocr_page' id='page_1' title='image "./ecclesiamilitan01gerbgoog_0055.png"; bbox 0 0 2506 4958; ppageno 0'>
   <div class='ocr_carea' id='block_1_1' title="bbox 118 523 806 620">
    <p class='ocr_par' dir='ltr' id='par_1_1' title="bbox 118 523 806 620">
     <span class='ocr_line' id='line_1_1' title="bbox 118 523 806 620; baseline 0.009 -22"><span class='ocrx_word' id='word_1_1' title='bbox 118 533 173 602; x_wconf 85' lang='lat'><strong>26</strong></span> <span class='ocrx_word' id='word_1_2' title='bbox 482 523 623 620; x_wconf 70' lang='lat' dir='ltr'><strong>neuun</strong></span> <span class='ocrx_word' id='word_1_3' title='bbox 650 525 806 604; x_wconf 78' lang='lat' dir='ltr'><strong>rnilitum</strong></span> 
     </span>
    </p>
   </div>
   <div class='ocr_carea' id='block_1_2' title="bbox 5 685 1195 1893">
    <p class='ocr_par' dir='ltr' id='par_1_2' title="bbox 5 685 1195 1893">
     <span class='ocr_line' id='line_1_2' title="bbox 116 685 1153 789; baseline 0.001 -24"><span class='ocrx_word' id='word_1_4' title='bbox 116 690 231 765; x_wconf 80' lang='lat' dir='ltr'><strong>miros</strong></span> <span class='ocrx_word' id='word_1_5' title='bbox 255 685 402 767; x_wconf 68' lang='lat' dir='ltr'><strong>effefius</strong></span> <span class='ocrx_word' id='word_1_6' title='bbox 419 699 509 766; x_wconf 89' lang='lat' dir='ltr'><strong>tunc</strong></span> <span class='ocrx_word' id='word_1_7' title='bbox 536 688 661 767; x_wconf 84' lang='lat' dir='ltr'><strong>habuit</strong></span> <span class='ocrx_word' id='word_1_8' title='bbox 685 689 785 765; x_wconf 89' lang='lat' dir='ltr'><strong>domi</strong></span> <span class='ocrx_word' id='word_1_9' title='bbox 816 688 1004 788; x_wconf 79' lang='lat' dir='ltr'><strong>forisque,</strong></span> <span class='ocrx_word' id='word_1_10' title='bbox 1044 713 1153 789; x_wconf 85' lang='lat' dir='ltr'><strong>expe-</strong></span> 
     </span>
     <span class='ocr_line' id='line_1_3' title="bbox 115 799 1156 899; baseline 0.001 -23"><span class='ocrx_word' id='word_1_11' title='bbox 115 799 316 876; x_wconf 85' lang='lat' dir='ltr'><strong>ditionibus</strong></span> <span class='ocrx_word' id='word_1_12' title='bbox 345 801 516 877; x_wconf 85' lang='lat' dir='ltr'><strong>nimirum</strong></span> <span class='ocrx_word' id='word_1_13' title='bbox 546 802 591 876; x_wconf 86' lang='lat' dir='ltr'><strong>ad</strong></span> <span class='ocrx_word' id='word_1_14' title='bbox 610 799 887 899; x_wconf 84' lang='lat' dir='ltr'>recuperandam</span> <span class='ocrx_word' id='word_1_15' title='bbox 922 815 1052 877; x_wconf 89' lang='lat' dir='ltr'><strong>terram</strong></span> <span class='ocrx_word' id='word_1_16' title='bbox 1080 802 1156 877; x_wconf 80' lang='lat' dir='ltr'><strong>san-</strong></span> 
     </span>
     <span class='ocr_line' id='line_1_4' title="bbox 115 909 1157 1012; baseline 0.003 -24"><span class='ocrx_word' id='word_1_17' title='bbox 115 911 242 988; x_wconf 77' lang='lat' dir='ltr'><strong>tiam:</strong></span> <span class='ocrx_word' id='word_1_18' title='bbox 297 933 450 1009; x_wconf 83' lang='lat' dir='ltr'><strong>quarum</strong></span> <span class='ocrx_word' id='word_1_19' title='bbox 481 909 627 1010; x_wconf 81' lang='lat' dir='ltr'><strong>insignis</strong></span> <span class='ocrx_word' id='word_1_20' title='bbox 656 925 850 1012; x_wconf 85' lang='lat' dir='ltr'><strong>promotor</strong></span> <span class='ocrx_word' id='word_1_21' title='bbox 890 911 924 992; x_wconf 86' lang='lat' dir='ltr'><strong>S.</strong></span> <span class='ocrx_word' id='word_1_22' title='bbox 954 909 1157 990; x_wconf 73' lang='lat' dir='ltr'><strong>Bernartius</strong></span> 
     </span>
     <span class='ocr_line' id='line_1_5' title="bbox 5 1019 1157 1121; baseline -0.006 -22"><span class='ocrx_word' id='word_1_23' title='bbox 5 1080 8 1085; x_wconf 76' lang='lat'><em>·</em></span> <span class='ocrx_word' id='word_1_24' title='bbox 116 1024 181 1100; x_wconf 82' lang='lat' dir='ltr'><strong>fec.</strong></span> <span class='ocrx_word' id='word_1_25' title='bbox 203 1019 291 1100; x_wconf 80' lang='lat' dir='ltr'><strong>xli.</strong></span> <span class='ocrx_word' id='word_1_26' title='bbox 322 1044 368 1099; x_wconf 87' lang='lat' dir='ltr'><strong>ex</strong></span> <span class='ocrx_word' id='word_1_27' title='bbox 399 1021 542 1121; x_wconf 82' lang='lat' dir='ltr'><strong>flagitiis</strong></span> <span class='ocrx_word' id='word_1_28' title='bbox 578 1027 685 1099; x_wconf 82' lang='lat' dir='ltr'><strong>etiam</strong></span> <span class='ocrx_word' id='word_1_29' title='bbox 709 1020 940 1121; x_wconf 75' lang='lat' dir='ltr'><strong>grassantibus</strong></span> <span class='ocrx_word' id='word_1_30' title='bbox 969 1025 1096 1101; x_wconf 85' lang='lat' dir='ltr'><strong>mnndi</strong></span> <span class='ocrx_word' id='word_1_31' title='bbox 1116 1024 1157 1100; x_wconf 81' lang='lat' dir='ltr'><strong>fi.</strong></span> 
     </span>
     <span class='ocr_line' id='line_1_6' title="bbox 116 1122 1155 1234; baseline 0.001 -22"><span class='ocrx_word' id='word_1_32' title='bbox 116 1157 203 1212; x_wconf 88' lang='lat' dir='ltr'><strong>nem</strong></span> <span class='ocrx_word' id='word_1_33' title='bbox 233 1122 482 1234; x_wconf 84' lang='lat' dir='ltr'><strong>propinquum</strong></span> <span class='ocrx_word' id='word_1_34' title='bbox 505 1137 632 1233; x_wconf 82' lang='lat' dir='ltr'><strong>arguit.</strong></span> <span class='ocrx_word' id='word_1_35' title='bbox 692 1133 760 1211; x_wconf 86' lang='lat' dir='ltr'><strong>Etsr</strong></span> <span class='ocrx_word' id='word_1_36' title='bbox 795 1158 881 1210; x_wconf 84' lang='lat' dir='ltr'><strong>uero</strong></span> <span class='ocrx_word' id='word_1_37' title='bbox 909 1133 1079 1212; x_wconf 80' lang='lat' dir='ltr'><strong>Paschaiis</strong></span> <span class='ocrx_word' id='word_1_38' title='bbox 1111 1135 1155 1213; x_wconf 82' lang='lat' dir='ltr'><strong>H.</strong></span> 
     </span>
     <span class='ocr_line' id='line_1_7' title="bbox 28 1241 1159 1348; baseline 0.003 -26"><span class='ocrx_word' id='word_1_39' title='bbox 28 1244 60 1339; x_wconf 29' lang='lat'><strong>&#39;-</strong></span> <span class='ocrx_word' id='word_1_40' title='bbox 116 1248 153 1322; x_wconf 90' lang='lat' dir='ltr'><strong>in</strong></span> <span class='ocrx_word' id='word_1_41' title='bbox 183 1266 291 1322; x_wconf 86' lang='lat' dir='ltr'><strong>conc.</strong></span> <span class='ocrx_word' id='word_1_42' title='bbox 318 1241 552 1322; x_wconf 65' lang='lat' dir='ltr'><strong>Florentium</strong></span> <span class='ocrx_word' id='word_1_43' title='bbox 583 1267 696 1336; x_wconf 80' lang='lat'>¹¹05·</span> <span class='ocrx_word' id='word_1_44' title='bbox 729 1246 947 1322; x_wconf 80' lang='lat' dir='ltr'><strong>damnaverit</strong></span> <span class='ocrx_word' id='word_1_45' title='bbox 977 1271 1062 1333; x_wconf 85' lang='lat' dir='ltr'><strong>eos,</strong></span> <span class='ocrx_word' id='word_1_46' title='bbox 1094 1251 1159 1348; x_wconf 89' lang='lat' dir='ltr'><strong>qui</strong></span> 
     </span>
     <span class='ocr_line' id='line_1_8' title="bbox 115 1355 1195 1437; baseline -0.001 0"><span class='ocrx_word' id='word_1_47' title='bbox 115 1355 377 1437; x_wconf 78' lang='lat' dir='ltr'><strong>Antichristum</strong></span> <span class='ocrx_word' id='word_1_48' title='bbox 406 1372 491 1434; x_wconf 90' lang='lat' dir='ltr'><strong>tnnc</strong></span> <span class='ocrx_word' id='word_1_49' title='bbox 520 1373 642 1433; x_wconf 83' lang='lat' dir='ltr'><strong>natum</strong></span> <span class='ocrx_word' id='word_1_50' title='bbox 672 1357 851 1433; x_wconf 82' lang='lat' dir='ltr'><strong>dicerent:</strong></span> <span class='ocrx_word' id='word_1_51' title='bbox 883 1357 1013 1434; x_wconf 89' lang='lat' dir='ltr'><strong>eodem</strong></span> <span class='ocrx_word' id='word_1_52' title='bbox 1035 1373 1157 1436; x_wconf 84' lang='lat' dir='ltr'><strong>tamen</strong></span> <span class='ocrx_word' id='word_1_53' title='bbox 1186 1412 1195 1421; x_wconf 80' lang='grc'><strong>-</strong></span> 
     </span>
     <span class='ocr_line' id='line_1_9' title="bbox 116 1466 1160 1567; baseline 0 -21"><span class='ocrx_word' id='word_1_54' title='bbox 116 1469 240 1546; x_wconf 82' lang='lat' dir='ltr'><strong>adhuc</strong></span> <span class='ocrx_word' id='word_1_55' title='bbox 267 1466 385 1545; x_wconf 79' lang='lat' dir='ltr'><strong>seculo</strong></span> <span class='ocrx_word' id='word_1_56' title='bbox 427 1467 630 1549; x_wconf 79' lang='lat' dir='ltr'><strong>lonchimus</strong></span> <span class='ocrx_word' id='word_1_57' title='bbox 661 1471 766 1545; x_wconf 82' lang='lat' dir='ltr'>abbas</span> <span class='ocrx_word' id='word_1_58' title='bbox 788 1469 866 1567; x_wconf 87' lang='lat' dir='ltr'><strong>post</strong></span> <span class='ocrx_word' id='word_1_59' title='bbox 899 1469 1160 1567; x_wconf 79' lang='lat' dir='ltr'><strong>iexagirrtaon·</strong></span> 
     </span>
     <span class='ocr_line' id='line_1_10' title="bbox 115 1579 1160 1681; baseline 0 -24"><span class='ocrx_word' id='word_1_60' title='bbox 115 1603 185 1657; x_wconf 88' lang='lat' dir='ltr'><strong>nos</strong></span> <span class='ocrx_word' id='word_1_61' title='bbox 206 1593 401 1656; x_wconf 86' lang='lat' dir='ltr'><strong>uenturum</strong></span> <span class='ocrx_word' id='word_1_62' title='bbox 432 1582 592 1677; x_wconf 83' lang='lat' dir='ltr'><strong>putavit,</strong></span> <span class='ocrx_word' id='word_1_63' title='bbox 623 1604 733 1680; x_wconf 88' lang='lat' dir='ltr'><strong>qoem</strong></span> <span class='ocrx_word' id='word_1_64' title='bbox 760 1579 939 1681; x_wconf 74' lang='lat' dir='ltr'><strong>altorque,</strong></span> <span class='ocrx_word' id='word_1_65' title='bbox 968 1584 1032 1680; x_wconf 88' lang='lat' dir='ltr'><strong>qui</strong></span> <span class='ocrx_word' id='word_1_66' title='bbox 1056 1581 1160 1657; x_wconf 87' lang='lat' dir='ltr'><strong>dein·</strong></span> 
     </span>
     <span class='ocr_line' id='line_1_11' title="bbox 115 1689 1160 1789; baseline -0.01 -21"><span class='ocrx_word' id='word_1_67' title='bbox 115 1714 204 1789; x_wconf 83' lang='lat' dir='ltr'><strong>ceps</strong></span> <span class='ocrx_word' id='word_1_68' title='bbox 231 1689 388 1768; x_wconf 78' lang='lat' dir='ltr'><strong>fixerunt</strong></span> <span class='ocrx_word' id='word_1_69' title='bbox 417 1693 514 1767; x_wconf 84' lang='lat' dir='ltr'><strong>orbis</strong></span> <span class='ocrx_word' id='word_1_70' title='bbox 553 1693 838 1776; x_wconf 78' lang='lat' dir='ltr'><strong>exterminium,</strong></span> <span class='ocrx_word' id='word_1_71' title='bbox 889 1692 983 1789; x_wconf 87' lang='lat' dir='ltr'><strong>apud</strong></span> <span class='ocrx_word' id='word_1_72' title='bbox 1015 1691 1160 1770; x_wconf 79' lang='lat' dir='ltr'><strong>Cuime.</strong></span> 
     </span>
     <span class='ocr_line' id='line_1_12' title="bbox 116 1801 1158 1893; baseline 0 -12"><span class='ocrx_word' id='word_1_73' title='bbox 116 1817 198 1881; x_wconf 90' lang='lat' dir='ltr'><strong>tum</strong></span> <span class='ocrx_word' id='word_1_74' title='bbox 224 1802 355 1879; x_wconf 87' lang='lat' dir='ltr'><strong>relatos</strong></span> <span class='ocrx_word' id='word_1_75' title='bbox 384 1805 540 1880; x_wconf 85' lang='lat' dir='ltr'><strong>inuenies</strong></span> <span class='ocrx_word' id='word_1_76' title='bbox 566 1801 696 1879; x_wconf 77' lang='lat' dir='ltr'><strong>differt</strong></span> <span class='ocrx_word' id='word_1_77' title='bbox 726 1803 771 1878; x_wconf 88' lang='lat' dir='ltr'><strong>de</strong></span> <span class='ocrx_word' id='word_1_78' title='bbox 797 1803 1016 1879; x_wconf 82' lang='lat' dir='ltr'><strong>Antichristo</strong></span> <span class='ocrx_word' id='word_1_79' title='bbox 1033 1821 1097 1881; x_wconf 86' lang='lat' dir='ltr'><strong>art.</strong></span> <span class='ocrx_word' id='word_1_80' title='bbox 1125 1826 1158 1893; x_wconf 73' lang='grc' dir='ltr'><strong>ς.</strong></span> 
     </span>
    </p>
   </div>
   <div class='ocr_carea' id='block_1_3' title="bbox 420 2221 857 2301">
    <p class='ocr_par' dir='ltr' id='par_1_3' title="bbox 420 2221 857 2301">
     <span class='ocr_line' id='line_1_13' title="bbox 420 2221 857 2301; baseline -0.002 0"><span class='ocrx_word' id='word_1_81' title='bbox 420 2221 857 2301; x_wconf 74' lang='lat' dir='ltr'><strong>CuuueVll-i.</strong></span> 
     </span>
    </p>
   </div>
   <div class='ocr_carea' id='block_1_4' title="bbox 405 2381 877 2462">
    <p class='ocr_par' dir='ltr' id='par_1_4' title="bbox 405 2381 877 2462">
     <span class='ocr_line' id='line_1_14' title="bbox 405 2381 877 2462; baseline -0.002 -3"><span class='ocrx_word' id='word_1_82' title='bbox 405 2381 458 2459; x_wconf 84' lang='lat' dir='ltr'><strong>De</strong></span> <span class='ocrx_word' id='word_1_83' title='bbox 505 2385 690 2462; x_wconf 73' lang='lat' dir='ltr'><strong>duratione</strong></span> <span class='ocrx_word' id='word_1_84' title='bbox 745 2384 877 2460; x_wconf 66' lang='lat' dir='ltr'><strong>mrmrn.</strong></span> 
     </span>
    </p>
   </div>
   <div class='ocr_carea' id='block_1_5' title="bbox 117 2537 1163 3294">
    <p class='ocr_par' dir='ltr' id='par_1_5' title="bbox 117 2537 1163 3294">
     <span class='ocr_line' id='line_1_15' title="bbox 117 2537 1160 2707; baseline 0 -87"><span class='ocrx_word' id='word_1_85' title='bbox 117 2537 417 2707; x_wconf 77' lang='lat' dir='ltr'><strong>Antiquiffimn</strong></span> <span class='ocrx_word' id='word_1_86' title='bbox 451 2545 500 2619; x_wconf 88' lang='lat' dir='ltr'><strong>est</strong></span> <span class='ocrx_word' id='word_1_87' title='bbox 525 2549 673 2642; x_wconf 88' lang='lat' dir='ltr'><strong>opinio,</strong></span> <span class='ocrx_word' id='word_1_88' title='bbox 712 2569 817 2643; x_wconf 87' lang='lat' dir='ltr'><strong>quarn</strong></span> <span class='ocrx_word' id='word_1_89' title='bbox 848 2548 952 2620; x_wconf 85' lang='lat' dir='ltr'><strong>etiam</strong></span> <span class='ocrx_word' id='word_1_90' title='bbox 983 2543 1088 2620; x_wconf 80' lang='lat' dir='ltr'><strong>Iudaei</strong></span> <span class='ocrx_word' id='word_1_91' title='bbox 1123 2549 1160 2621; x_wconf 86' lang='lat' dir='ltr'><strong>iu</strong></span> 
     </span>
     <span class='ocr_line' id='line_1_16' title="bbox 231 2655 1161 2756; baseline 0.001 -27"><span class='ocrx_word' id='word_1_92' title='bbox 231 2659 265 2729; x_wconf 91' lang='lat' dir='ltr'><strong>in</strong></span> <span class='ocrx_word' id='word_1_93' title='bbox 285 2659 347 2733; x_wconf 83' lang='lat' dir='ltr'><strong>suo</strong></span> <span class='ocrx_word' id='word_1_94' title='bbox 373 2655 575 2744; x_wconf 83' lang='lat' dir='ltr'><strong>Taimude,</strong></span> <span class='ocrx_word' id='word_1_95' title='bbox 610 2659 657 2731; x_wconf 84' lang='lat' dir='ltr'><strong>ad</strong></span> <span class='ocrx_word' id='word_1_96' title='bbox 673 2657 936 2733; x_wconf 70' lang='lat' dir='ltr'><strong>convitiionem</strong></span> <span class='ocrx_word' id='word_1_97' title='bbox 954 2660 1161 2756; x_wconf 82' lang='lat' dir='ltr'><strong>propriam,</strong></span> 
     </span>
     <span class='ocr_line' id='line_1_17' title="bbox 118 2764 1160 2866; baseline -0.002 -21"><span class='ocrx_word' id='word_1_98' title='bbox 118 2764 281 2845; x_wconf 77' lang='lat' dir='ltr'><strong>Menam</strong></span> <span class='ocrx_word' id='word_1_99' title='bbox 309 2771 378 2842; x_wconf 86' lang='lat' dir='ltr'><strong>iam</strong></span> <span class='ocrx_word' id='word_1_100' title='bbox 405 2764 562 2853; x_wconf 77' lang='lat' dir='ltr'><strong>venisse,</strong></span> <span class='ocrx_word' id='word_1_101' title='bbox 604 2769 778 2866; x_wconf 85' lang='lat' dir='ltr'><strong>adoptant</strong></span> <span class='ocrx_word' id='word_1_102' title='bbox 805 2784 840 2844; x_wconf 82' lang='lat' dir='ltr'><strong>et</strong></span> <span class='ocrx_word' id='word_1_103' title='bbox 870 2769 1160 2854; x_wconf 83' lang='lat' dir='ltr'><strong>circumferunt,</strong></span> 
     </span>
     <span class='ocr_line' id='line_1_18' title="bbox 118 2877 1160 2980; baseline 0.001 -26"><span class='ocrx_word' id='word_1_104' title='bbox 118 2889 315 2980; x_wconf 82' lang='lat' dir='ltr'><strong>tenentque</strong></span> <span class='ocrx_word' id='word_1_105' title='bbox 347 2879 404 2954; x_wconf 83' lang='lat' dir='ltr'><strong>sex</strong></span> <span class='ocrx_word' id='word_1_106' title='bbox 438 2879 588 2956; x_wconf 75' lang='lat' dir='ltr'><strong>millium</strong></span> <span class='ocrx_word' id='word_1_107' title='bbox 621 2904 800 2956; x_wconf 83' lang='lat' dir='ltr'><strong>annorum</strong></span> <span class='ocrx_word' id='word_1_108' title='bbox 837 2881 1014 2958; x_wconf 89' lang='lat' dir='ltr'><strong>mundum</strong></span> <span class='ocrx_word' id='word_1_109' title='bbox 1049 2877 1160 2967; x_wconf 73' lang='lat' dir='ltr'><strong>fore,</strong></span> 
     </span>
     <span class='ocr_line' id='line_1_19' title="bbox 118 2989 1163 3090; baseline -0.001 -26"><span class='ocrx_word' id='word_1_110' title='bbox 118 2989 241 3090; x_wconf 88' lang='lat' dir='ltr'><strong>postea</strong></span> <span class='ocrx_word' id='word_1_111' title='bbox 278 2991 554 3068; x_wconf 86' lang='lat' dir='ltr'><strong>destruendum:</strong></span> <span class='ocrx_word' id='word_1_112' title='bbox 602 2992 675 3069; x_wconf 92' lang='lat' dir='ltr'><strong>duo</strong></span> <span class='ocrx_word' id='word_1_113' title='bbox 713 2991 821 3066; x_wconf 86' lang='lat' dir='ltr'><strong>millia</strong></span> <span class='ocrx_word' id='word_1_114' title='bbox 846 3016 1024 3068; x_wconf 86' lang='lat' dir='ltr'><strong>annorum</strong></span> <span class='ocrx_word' id='word_1_115' title='bbox 1046 2992 1163 3066; x_wconf 79' lang='lat' dir='ltr'><strong>iruni-</strong></span> 
     </span>
     <span class='ocr_line' id='line_1_20' title="bbox 118 3100 1161 3201; baseline -0.002 -21"><span class='ocrx_word' id='word_1_116' title='bbox 118 3107 248 3189; x_wconf 74' lang='lat' dir='ltr'><strong>utatis,</strong></span> <span class='ocrx_word' id='word_1_117' title='bbox 268 3102 304 3178; x_wconf 90' lang='lat' dir='ltr'><strong>id</strong></span> <span class='ocrx_word' id='word_1_118' title='bbox 331 3103 407 3189; x_wconf 86' lang='lat' dir='ltr'><strong>est,</strong></span> <span class='ocrx_word' id='word_1_119' title='bbox 437 3100 509 3179; x_wconf 79' lang='lat' dir='ltr'><strong>fine</strong></span> <span class='ocrx_word' id='word_1_120' title='bbox 526 3102 631 3201; x_wconf 85' lang='lat' dir='ltr'><strong>iege,</strong></span> <span class='ocrx_word' id='word_1_121' title='bbox 656 3103 731 3180; x_wconf 89' lang='lat' dir='ltr'><strong>duo</strong></span> <span class='ocrx_word' id='word_1_122' title='bbox 752 3103 857 3179; x_wconf 76' lang='lat' dir='ltr'><strong>millia</strong></span> <span class='ocrx_word' id='word_1_123' title='bbox 884 3103 994 3201; x_wconf 84' lang='lat' dir='ltr'><strong>legis.</strong></span> <span class='ocrx_word' id='word_1_124' title='bbox 1026 3116 1061 3177; x_wconf 87' lang='lat' dir='ltr'><strong>et</strong></span> <span class='ocrx_word' id='word_1_125' title='bbox 1081 3103 1161 3178; x_wconf 89' lang='lat' dir='ltr'><strong>duo</strong></span> 
     </span>
     <span class='ocr_line' id='line_1_21' title="bbox 119 3213 1162 3294; baseline -0.001 -4"><span class='ocrx_word' id='word_1_126' title='bbox 119 3215 230 3292; x_wconf 79' lang='lat' dir='ltr'><strong>millia</strong></span> <span class='ocrx_word' id='word_1_127' title='bbox 267 3213 398 3292; x_wconf 83' lang='lat' dir='ltr'><strong>Meffiae</strong></span> <span class='ocrx_word' id='word_1_128' title='bbox 424 3231 466 3290; x_wconf 90' lang='lat' dir='ltr'><strong>ut</strong></span> <span class='ocrx_word' id='word_1_129' title='bbox 492 3238 536 3291; x_wconf 83' lang='lat' dir='ltr'><strong>ex</strong></span> <span class='ocrx_word' id='word_1_130' title='bbox 557 3214 725 3294; x_wconf 81' lang='lat' dir='ltr'><strong>Galatino</strong></span> <span class='ocrx_word' id='word_1_131' title='bbox 757 3214 817 3290; x_wconf 81' lang='lat' dir='ltr'><strong>iib.</strong></span> <span class='ocrx_word' id='word_1_132' title='bbox 848 3213 908 3290; x_wconf 77' lang='lat' dir='ltr'><strong>lu.</strong></span> <span class='ocrx_word' id='word_1_133' title='bbox 940 3213 981 3288; x_wconf 75' lang='lat' dir='ltr'><strong>de</strong></span> <span class='ocrx_word' id='word_1_134' title='bbox 1018 3217 1162 3289; x_wconf 82' lang='lat' dir='ltr'><strong>urcunis</strong></span> 
     </span>
    </p>
   </div>
   <div class='ocr_carea' id='block_1_6' title="bbox 111 3323 1168 4404">
    <p class='ocr_par' dir='ltr' id='par_1_6' title="bbox 111 3323 1168 4404">
     <span class='ocr_line' id='line_1_22' title="bbox 118 3323 1168 3424; baseline -0.004 -20"><span class='ocrx_word' id='word_1_135' title='bbox 118 3351 157 3404; x_wconf 91' lang='lat' dir='ltr'><strong>c..</strong></span> <span class='ocrx_word' id='word_1_136' title='bbox 184 3347 246 3404; x_wconf 86' lang='lat'><strong>20.</strong></span> <span class='ocrx_word' id='word_1_137' title='bbox 279 3326 385 3403; x_wconf 82' lang='lat' dir='ltr'><strong>refert</strong></span> <span class='ocrx_word' id='word_1_138' title='bbox 414 3323 529 3424; x_wconf 87' lang='lat' dir='ltr'><strong>Hugo</strong></span> <span class='ocrx_word' id='word_1_139' title='bbox 574 3325 766 3404; x_wconf 81' lang='lat' dir='ltr'><strong>Menardus</strong></span> <span class='ocrx_word' id='word_1_140' title='bbox 798 3326 881 3402; x_wconf 87' lang='lat' dir='ltr'><strong>edit.</strong></span> <span class='ocrx_word' id='word_1_141' title='bbox 912 3323 1036 3401; x_wconf 70' lang='lat' dir='ltr'><strong>noviff</strong></span> <span class='ocrx_word' id='word_1_142' title='bbox 1085 3324 1168 3402; x_wconf 86' lang='lat' dir='ltr'><strong>Co·</strong></span> 
     </span>
     <span class='ocr_line' id='line_1_23' title="bbox 117 3435 1161 3535; baseline -0.003 -20"><span class='ocrx_word' id='word_1_143' title='bbox 117 3439 237 3516; x_wconf 82' lang='lat' dir='ltr'><strong>telerii</strong></span> <span class='ocrx_word' id='word_1_144' title='bbox 256 3452 404 3515; x_wconf 83' lang='lat' dir='ltr'><strong>curante</strong></span> <span class='ocrx_word' id='word_1_145' title='bbox 437 3437 490 3515; x_wconf 87' lang='lat' dir='ltr'><strong>lo.</strong></span> <span class='ocrx_word' id='word_1_146' title='bbox 522 3435 690 3523; x_wconf 83' lang='lat' dir='ltr'><strong>Cierieo,</strong></span> <span class='ocrx_word' id='word_1_147' title='bbox 729 3442 764 3512; x_wconf 88' lang='lat' dir='ltr'><strong>in</strong></span> <span class='ocrx_word' id='word_1_148' title='bbox 788 3441 881 3514; x_wconf 82' lang='lat' dir='ltr'><strong>notis</strong></span> <span class='ocrx_word' id='word_1_149' title='bbox 910 3438 953 3512; x_wconf 87' lang='lat' dir='ltr'><strong>ad</strong></span> <span class='ocrx_word' id='word_1_150' title='bbox 974 3435 1161 3535; x_wconf 76' lang='lat' dir='ltr'><strong>epistolam</strong></span> 
     </span>
     <span class='ocr_line' id='line_1_24' title="bbox 118 3546 1168 3649; baseline -0.01 -19"><span class='ocrx_word' id='word_1_151' title='bbox 118 3552 153 3630; x_wconf 90' lang='lat' dir='ltr'><strong>S.</strong></span> <span class='ocrx_word' id='word_1_152' title='bbox 187 3549 381 3635; x_wconf 80' lang='lat' dir='ltr'><strong>Barnabae,</strong></span> <span class='ocrx_word' id='word_1_153' title='bbox 422 3550 485 3649; x_wconf 89' lang='lat' dir='ltr'><strong>qni</strong></span> <span class='ocrx_word' id='word_1_154' title='bbox 519 3547 591 3648; x_wconf 75' lang='lat' dir='ltr'><strong>ipse</strong></span> <span class='ocrx_word' id='word_1_155' title='bbox 620 3552 832 3647; x_wconf 84' lang='lat' dir='ltr'><strong>opinionem</strong></span> <span class='ocrx_word' id='word_1_156' title='bbox 864 3546 959 3625; x_wconf 82' lang='lat' dir='ltr'><strong>illam</strong></span> <span class='ocrx_word' id='word_1_157' title='bbox 983 3547 1168 3647; x_wconf 84' lang='lat' dir='ltr'><strong>persequi·</strong></span> 
     </span>
     <span class='ocr_line' id='line_1_25' title="bbox 117 3659 1165 3756; baseline -0.008 -15"><span class='ocrx_word' id='word_1_158' title='bbox 117 3677 179 3741; x_wconf 79' lang='lat' dir='ltr'><strong>tur</strong></span> <span class='ocrx_word' id='word_1_159' title='bbox 204 3662 256 3738; x_wconf 87' lang='lat' dir='ltr'><strong>his</strong></span> <span class='ocrx_word' id='word_1_160' title='bbox 277 3662 412 3738; x_wconf 80' lang='lat' dir='ltr'><strong>uerbis:</strong></span> <span class='ocrx_word' id='word_1_161' title='bbox 441 3659 617 3736; x_wconf 81' lang='lat' dir='ltr'><strong>advertite</strong></span> <span class='ocrx_word' id='word_1_162' title='bbox 629 3659 724 3756; x_wconf 74' lang='lat' dir='ltr'><strong>filii,</strong></span> <span class='ocrx_word' id='word_1_163' title='bbox 755 3661 841 3756; x_wconf 77' lang='lat' dir='ltr'><strong>quid</strong></span> <span class='ocrx_word' id='word_1_164' title='bbox 860 3660 975 3736; x_wconf 80' lang='lat' dir='ltr'><strong>dicut:</strong></span> <span class='ocrx_word' id='word_1_165' title='bbox 993 3659 1165 3736; x_wconf 77' lang='lat' dir='ltr'><strong>consum</strong></span> 
     </span>
     <span class='ocr_line' id='line_1_26' title="bbox 119 3767 1164 3863; baseline -0.007 -12"><span class='ocrx_word' id='word_1_166' title='bbox 119 3774 230 3851; x_wconf 77' lang='lat' dir='ltr'><strong>mavit</strong></span> <span class='ocrx_word' id='word_1_167' title='bbox 254 3775 291 3849; x_wconf 88' lang='lat' dir='ltr'><strong>in</strong></span> <span class='ocrx_word' id='word_1_168' title='bbox 321 3771 382 3849; x_wconf 79' lang='lat' dir='ltr'><strong>fex</strong></span> <span class='ocrx_word' id='word_1_169' title='bbox 415 3772 566 3850; x_wconf 88' lang='lat' dir='ltr'><strong>diebus:</strong></span> <span class='ocrx_word' id='word_1_170' title='bbox 595 3773 634 3848; x_wconf 86' lang='lat' dir='ltr'><strong>id</strong></span> <span class='ocrx_word' id='word_1_171' title='bbox 664 3776 740 3862; x_wconf 83' lang='lat' dir='ltr'><strong>uit‚·</strong></span> <span class='ocrx_word' id='word_1_172' title='bbox 768 3777 886 3846; x_wconf 83' lang='lat' dir='ltr'><strong>omniu</strong></span> <span class='ocrx_word' id='word_1_173' title='bbox 910 3767 1164 3863; x_wconf 69' lang='lat' dir='ltr'><strong>consummabit</strong></span> 
     </span>
     <span class='ocr_line' id='line_1_27' title="bbox 117 3881 1164 3982; baseline -0.011 -18"><span class='ocrx_word' id='word_1_174' title='bbox 117 3884 295 3965; x_wconf 85' lang='lat' dir='ltr'><strong>Dominus</strong></span> <span class='ocrx_word' id='word_1_175' title='bbox 338 3881 433 3962; x_wconf 84' lang='lat' dir='ltr'><strong>Deus</strong></span> <span class='ocrx_word' id='word_1_176' title='bbox 468 3887 507 3959; x_wconf 88' lang='lat' dir='ltr'><strong>iu</strong></span> <span class='ocrx_word' id='word_1_177' title='bbox 534 3882 602 3982; x_wconf 81' lang='lat' dir='ltr'><strong>sex</strong></span> <span class='ocrx_word' id='word_1_178' title='bbox 632 3883 783 3961; x_wconf 77' lang='lat' dir='ltr'><strong>millibus</strong></span> <span class='ocrx_word' id='word_1_179' title='bbox 821 3906 1005 3958; x_wconf 87' lang='lat' dir='ltr'><strong>uuuurum.</strong></span> <span class='ocrx_word' id='word_1_180' title='bbox 1064 3881 1164 3958; x_wconf 82' lang='lat' dir='ltr'><strong>Num</strong></span> 
     </span>
     <span class='ocr_line' id='line_1_28' title="bbox 118 3991 1163 4095; baseline -0.008 -21"><span class='ocrx_word' id='word_1_181' title='bbox 118 3998 218 4095; x_wconf 80' lang='lat' dir='ltr'><strong>opud</strong></span> <span class='ocrx_word' id='word_1_182' title='bbox 243 3996 342 4072; x_wconf 82' lang='lat' dir='ltr'><strong>illum</strong></span> <span class='ocrx_word' id='word_1_183' title='bbox 374 3997 444 4072; x_wconf 84' lang='lat' dir='ltr'><strong>dies</strong></span> <span class='ocrx_word' id='word_1_184' title='bbox 464 4000 704 4092; x_wconf 64' lang='lat' dir='ltr'><strong>aequiparatur</strong></span> <span class='ocrx_word' id='word_1_185' title='bbox 733 3996 825 4069; x_wconf 76' lang='lat' dir='ltr'><strong>mille</strong></span> <span class='ocrx_word' id='word_1_186' title='bbox 857 3997 992 4079; x_wconf 80' lang='lat' dir='ltr'><strong>runis,</strong></span> <span class='ocrx_word' id='word_1_187' title='bbox 1019 4005 1059 4066; x_wconf 81' lang='lat' dir='ltr'><strong>ut</strong></span> <span class='ocrx_word' id='word_1_188' title='bbox 1080 3991 1163 4088; x_wconf 73' lang='lat' dir='ltr'><strong>ips-</strong></span> 
     </span>
     <span class='ocr_line' id='line_1_29' title="bbox 119 4102 1164 4203; baseline -0.011 -16"><span class='ocrx_word' id='word_1_189' title='bbox 119 4123 190 4187; x_wconf 80' lang='lat' dir='ltr'><strong>mrt</strong></span> <span class='ocrx_word' id='word_1_190' title='bbox 221 4105 407 4203; x_wconf 63' lang='lat' dir='ltr'><strong>testatur:⁴</strong></span> <span class='ocrx_word' id='word_1_191' title='bbox 433 4105 516 4184; x_wconf 83' lang='lat' dir='ltr'><strong>Ecce</strong></span> <span class='ocrx_word' id='word_1_192' title='bbox 542 4108 729 4185; x_wconf 77' lang='lat' dir='ltr'><strong>hodiernus</strong></span> <span class='ocrx_word' id='word_1_193' title='bbox 768 4109 838 4183; x_wconf 75' lang='lat' dir='ltr'><strong>dier</strong></span> <span class='ocrx_word' id='word_1_194' title='bbox 876 4119 1043 4200; x_wconf 79' lang='lat' dir='ltr'><strong>tunquam</strong></span> <span class='ocrx_word' id='word_1_195' title='bbox 1074 4102 1164 4177; x_wconf 76' lang='lat' dir='ltr'><strong>mille</strong></span> 
     </span>
     <span class='ocr_line' id='line_1_30' title="bbox 111 4215 1162 4318; baseline -0.011 -17"><span class='ocrx_word' id='word_1_196' title='bbox 111 4225 214 4301; x_wconf 74' lang='lat' dir='ltr'><strong>uniri.</strong></span> <span class='ocrx_word' id='word_1_197' title='bbox 272 4216 536 4318; x_wconf 72' lang='lat' dir='ltr'><strong>Itaqur,filii,</strong></span> <span class='ocrx_word' id='word_1_198' title='bbox 563 4223 603 4296; x_wconf 85' lang='lat' dir='ltr'><strong>iu</strong></span> <span class='ocrx_word' id='word_1_199' title='bbox 627 4218 695 4318; x_wconf 69' lang='lat' dir='ltr'><strong>fix</strong></span> <span class='ocrx_word' id='word_1_200' title='bbox 713 4219 851 4310; x_wconf 67' lang='lat' dir='ltr'><strong>nicius,</strong></span> <span class='ocrx_word' id='word_1_201' title='bbox 881 4216 944 4293; x_wconf 78' lang='lat' dir='ltr'><strong>hoe</strong></span> <span class='ocrx_word' id='word_1_202' title='bbox 959 4215 1024 4304; x_wconf 76' lang='lat' dir='ltr'><strong>esi,</strong></span> <span class='ocrx_word' id='word_1_203' title='bbox 1046 4221 1084 4290; x_wconf 86' lang='lat' dir='ltr'><strong>in</strong></span> <span class='ocrx_word' id='word_1_204' title='bbox 1095 4216 1162 4311; x_wconf 66' lang='lat' dir='ltr'><strong>jin·</strong></span> 
     </span>
     <span class='ocr_line' id='line_1_31' title="bbox 1001 4351 1111 4404; baseline -0.018 0"><span class='ocrx_word' id='word_1_205' title='bbox 1001 4351 1111 4404; x_wconf 63' lang='lat' dir='ltr'><strong>unmo-</strong></span> 
     </span>
    </p>
   </div>
   <div class='ocr_carea' id='block_1_7' title="bbox 0 0 1260 4958">
    <p class='ocr_par' dir='ltr' id='par_1_7' title="bbox 0 0 1260 4958">
     <span class='ocr_line' id='line_1_32' title="bbox 0 0 1260 4958; baseline 0 0"><span class='ocrx_word' id='word_1_206' title='bbox 0 0 1260 4958; x_wconf 95' lang='lat' dir='ltr'><strong> </strong></span> 
     </span>
    </p>
   </div>
  </div>
 </body>
</html>
