<?xml version="1.0" encoding="UTF-8"?>
<!DOCTYPE html PUBLIC "-//W3C//DTD XHTML 1.0 Transitional//EN"
    "http://www.w3.org/TR/xhtml1/DTD/xhtml1-transitional.dtd">
<html xmlns="http://www.w3.org/1999/xhtml" xml:lang="en" lang="en">
 <head>
  <title>
</title>
<meta http-equiv="Content-Type" content="text/html;charset=utf-8" />
  <meta name='ocr-system' content='tesseract 3.04.00' />
  <meta name='ocr-capabilities' content='ocr_page ocr_carea ocr_par ocr_line ocrx_word'/>
</head>
<body>
  <div class='ocr_page' id='page_1' title='image "./ecclesiamilitan01gerbgoog_0438.png"; bbox 0 0 2506 4958; ppageno 0'>
   <div class='ocr_carea' id='block_1_1' title="bbox 208 198 1102 329">
    <p class='ocr_par' dir='ltr' id='par_1_1' title="bbox 208 198 1102 329">
     <span class='ocr_line' id='line_1_1' title="bbox 208 198 1102 329; baseline 0 -45"><span class='ocrx_word' id='word_1_1' title='bbox 208 227 389 329; x_wconf 33' lang='lat' dir='ltr'>pregnum</span> <span class='ocrx_word' id='word_1_2' title='bbox 415 198 545 294; x_wconf 72' lang='lat' dir='ltr'>carina·</span> <span class='ocrx_word' id='word_1_3' title='bbox 564 206 605 282; x_wconf 86' lang='lat' dir='ltr'>in</span> <span class='ocrx_word' id='word_1_4' title='bbox 622 202 734 284; x_wconf 84' lang='lat' dir='ltr'>terris</span> <span class='ocrx_word' id='word_1_5' title='bbox 751 208 780 303; x_wconf 70' lang='lat' dir='ltr'>c.</span> <span class='ocrx_word' id='word_1_6' title='bbox 805 202 929 284; x_wconf 79' lang='lat' dir='ltr'><em>XLII.</em></span> <span class='ocrx_word' id='word_1_7' title='bbox 1047 230 1102 306; x_wconf 85' lang='lat'>47</span> 
     </span>
    </p>
   </div>
   <div class='ocr_carea' id='block_1_2' title="bbox 23 365 1215 3030">
    <p class='ocr_par' dir='ltr' id='par_1_2' title="bbox 23 365 1215 3030">
     <span class='ocr_line' id='line_1_2' title="bbox 67 365 1113 472; baseline 0.006 -27"><span class='ocrx_word' id='word_1_8' title='bbox 67 368 195 472; x_wconf 78' lang='lat' dir='ltr'>ganeis</span> <span class='ocrx_word' id='word_1_9' title='bbox 223 367 424 446; x_wconf 72' lang='lat' dir='ltr'>charailere</span> <span class='ocrx_word' id='word_1_10' title='bbox 449 366 641 469; x_wconf 89' lang='lat' dir='ltr'>episcopali</span> <span class='ocrx_word' id='word_1_11' title='bbox 674 365 877 466; x_wconf 86' lang='lat' dir='ltr'>insignitis,</span> <span class='ocrx_word' id='word_1_12' title='bbox 907 391 955 446; x_wconf 80' lang='lat' dir='ltr'>ex</span> <span class='ocrx_word' id='word_1_13' title='bbox 981 373 1113 472; x_wconf 85' lang='lat' dir='ltr'>quibur</span> 
     </span>
     <span class='ocr_line' id='line_1_3' title="bbox 67 477 1115 584; baseline -0.009 -24"><span class='ocrx_word' id='word_1_14' title='bbox 67 504 165 565; x_wconf 85' lang='lat' dir='ltr'>nnus</span> <span class='ocrx_word' id='word_1_15' title='bbox 181 477 426 558; x_wconf 83' lang='lat' dir='ltr'>Eichstetensts</span> <span class='ocrx_word' id='word_1_16' title='bbox 442 480 584 567; x_wconf 80' lang='lat' dir='ltr'>aderat,</span> <span class='ocrx_word' id='word_1_17' title='bbox 603 479 880 582; x_wconf 83' lang='lat' dir='ltr'>disceptatione:</span> <span class='ocrx_word' id='word_1_18' title='bbox 899 504 1007 584; x_wconf 89' lang='lat' dir='ltr'>quam</span> <span class='ocrx_word' id='word_1_19' title='bbox 1026 508 1115 583; x_wconf 78' lang='lat' dir='ltr'>prae.</span> 
     </span>
     <span class='ocr_line' id='line_1_4' title="bbox 66 592 1113 695; baseline -0.003 -20"><span class='ocrx_word' id='word_1_20' title='bbox 66 596 274 694; x_wconf 79' lang='lat' dir='ltr'>rogativam</span> <span class='ocrx_word' id='word_1_21' title='bbox 304 593 419 670; x_wconf 92' lang='lat' dir='ltr'>modo</span> <span class='ocrx_word' id='word_1_22' title='bbox 447 594 600 671; x_wconf 87' lang='lat' dir='ltr'>vidimus</span> <span class='ocrx_word' id='word_1_23' title='bbox 632 616 766 692; x_wconf 84' lang='lat' dir='ltr'>paucos</span> <span class='ocrx_word' id='word_1_24' title='bbox 796 592 894 679; x_wconf 86' lang='lat' dir='ltr'>illos,</span> <span class='ocrx_word' id='word_1_25' title='bbox 945 598 1008 694; x_wconf 92' lang='lat' dir='ltr'>qni</span> <span class='ocrx_word' id='word_1_26' title='bbox 1032 598 1113 695; x_wconf 87' lang='lat' dir='ltr'>post</span> 
     </span>
     <span class='ocr_line' id='line_1_5' title="bbox 68 703 1110 807; baseline -0.002 -20"><span class='ocrx_word' id='word_1_27' title='bbox 68 712 271 807; x_wconf 78' lang='lat' dir='ltr'>inceptum.</span> <span class='ocrx_word' id='word_1_28' title='bbox 286 706 487 784; x_wconf 83' lang='lat' dir='ltr'>concilium</span> <span class='ocrx_word' id='word_1_29' title='bbox 513 703 734 783; x_wconf 88' lang='lat' dir='ltr'>Ferratiense</span> <span class='ocrx_word' id='word_1_30' title='bbox 770 703 830 783; x_wconf 90' lang='lat' dir='ltr'>seu</span> <span class='ocrx_word' id='word_1_31' title='bbox 855 703 1110 785; x_wconf 85' lang='lat' dir='ltr'>Florentinum</span> 
     </span>
     <span class='ocr_line' id='line_1_6' title="bbox 23 815 1111 918; baseline -0.001 -19"><span class='ocrx_word' id='word_1_32' title='bbox 23 840 25 845; x_wconf 53' lang='lat'><strong>⁴</strong></span> <span class='ocrx_word' id='word_1_33' title='bbox 68 818 201 899; x_wconf 88' lang='lat' dir='ltr'>residui</span> <span class='ocrx_word' id='word_1_34' title='bbox 233 835 335 895; x_wconf 89' lang='lat' dir='ltr'>erant</span> <span class='ocrx_word' id='word_1_35' title='bbox 365 822 402 895; x_wconf 92' lang='lat' dir='ltr'>in</span> <span class='ocrx_word' id='word_1_36' title='bbox 433 817 595 896; x_wconf 88' lang='lat' dir='ltr'>concilio</span> <span class='ocrx_word' id='word_1_37' title='bbox 621 815 829 903; x_wconf 84' lang='lat' dir='ltr'>Bafileeusl,</span> <span class='ocrx_word' id='word_1_38' title='bbox 876 841 945 918; x_wconf 92' lang='lat' dir='ltr'>pro</span> <span class='ocrx_word' id='word_1_39' title='bbox 975 822 1111 897; x_wconf 76' lang='lat' dir='ltr'>vitibus</span> 
     </span>
     <span class='ocr_line' id='line_1_7' title="bbox 68 925 1112 1037; baseline -0.003 -25"><span class='ocrx_word' id='word_1_40' title='bbox 68 932 221 1037; x_wconf 89' lang='lat' dir='ltr'>quidem</span> <span class='ocrx_word' id='word_1_41' title='bbox 250 932 424 1007; x_wconf 76' lang='lat' dir='ltr'>instruere</span> <span class='ocrx_word' id='word_1_42' title='bbox 444 952 486 1006; x_wconf 87' lang='lat' dir='ltr'>ac</span> <span class='ocrx_word' id='word_1_43' title='bbox 504 928 750 1028; x_wconf 82' lang='lat' dir='ltr'>redintegrate</span> <span class='ocrx_word' id='word_1_44' title='bbox 775 925 1024 1017; x_wconf 76' lang='lat' dir='ltr'>contendisse,</span> <span class='ocrx_word' id='word_1_45' title='bbox 1052 932 1112 1010; x_wconf 90' lang='lat' dir='ltr'>sed</span> 
     </span>
     <span class='ocr_line' id='line_1_8' title="bbox 67 1041 1110 1133; baseline -0.005 -8"><span class='ocrx_word' id='word_1_46' title='bbox 67 1046 219 1131; x_wconf 84' lang='lat' dir='ltr'>frustra,</span> <span class='ocrx_word' id='word_1_47' title='bbox 267 1047 446 1120; x_wconf 87' lang='lat' dir='ltr'>renitente</span> <span class='ocrx_word' id='word_1_48' title='bbox 477 1041 582 1119; x_wconf 87' lang='lat' dir='ltr'>turba</span> <span class='ocrx_word' id='word_1_49' title='bbox 617 1041 682 1119; x_wconf 83' lang='lat' dir='ltr'>illa</span> <span class='ocrx_word' id='word_1_50' title='bbox 709 1060 757 1119; x_wconf 81' lang='lat' dir='ltr'>ex</span> <span class='ocrx_word' id='word_1_51' title='bbox 783 1043 929 1119; x_wconf 84' lang='lat' dir='ltr'>minoto</span> <span class='ocrx_word' id='word_1_52' title='bbox 957 1044 1110 1133; x_wconf 85' lang='lat' dir='ltr'>ordine,</span> 
     </span>
     <span class='ocr_line' id='line_1_9' title="bbox 69 1150 1112 1261; baseline -0.003 -25"><span class='ocrx_word' id='word_1_53' title='bbox 69 1180 154 1261; x_wconf 85' lang='lat' dir='ltr'>quae</span> <span class='ocrx_word' id='word_1_54' title='bbox 170 1179 233 1256; x_wconf 89' lang='lat' dir='ltr'>par</span> <span class='ocrx_word' id='word_1_55' title='bbox 252 1153 313 1231; x_wconf 89' lang='lat' dir='ltr'>stbi</span> <span class='ocrx_word' id='word_1_56' title='bbox 332 1158 387 1232; x_wconf 90' lang='lat' dir='ltr'>ius</span> <span class='ocrx_word' id='word_1_57' title='bbox 407 1150 564 1255; x_wconf 86' lang='lat' dir='ltr'>suffragii</span> <span class='ocrx_word' id='word_1_58' title='bbox 587 1153 777 1255; x_wconf 78' lang='lat' dir='ltr'>usurpabat</span> <span class='ocrx_word' id='word_1_59' title='bbox 797 1153 1007 1232; x_wconf 72' lang='lat' dir='ltr'>audotitate</span> <span class='ocrx_word' id='word_1_60' title='bbox 1024 1159 1112 1234; x_wconf 85' lang='lat' dir='ltr'>Are-</span> 
     </span>
     <span class='ocr_line' id='line_1_10' title="bbox 69 1266 1215 1368; baseline 0.003 -21"><span class='ocrx_word' id='word_1_61' title='bbox 69 1266 211 1347; x_wconf 85' lang='lat' dir='ltr'>latensis</span> <span class='ocrx_word' id='word_1_62' title='bbox 233 1267 445 1361; x_wconf 82' lang='lat' dir='ltr'>cardinalis3</span> <span class='ocrx_word' id='word_1_63' title='bbox 466 1267 638 1366; x_wconf 56' lang='lat' dir='ltr'>‚collegis</span> <span class='ocrx_word' id='word_1_64' title='bbox 661 1267 935 1368; x_wconf 82' lang='lat' dir='ltr'>suis-episcopis</span> <span class='ocrx_word' id='word_1_65' title='bbox 962 1270 1113 1366; x_wconf 85' lang='lat' dir='ltr'>perinde</span> <span class='ocrx_word' id='word_1_66' title='bbox 1206 1340 1215 1351; x_wconf 87' lang='lat'><strong>.</strong></span> 
     </span>
     <span class='ocr_line' id='line_1_11' title="bbox 68 1371 1112 1481; baseline -0.003 -20"><span class='ocrx_word' id='word_1_67' title='bbox 68 1382 194 1461; x_wconf 89' lang='lat' dir='ltr'>iniurii</span> <span class='ocrx_word' id='word_1_68' title='bbox 217 1404 324 1481; x_wconf 89' lang='lat' dir='ltr'>quam</span> <span class='ocrx_word' id='word_1_69' title='bbox 355 1377 520 1480; x_wconf 89' lang='lat' dir='ltr'>pontifici</span> <span class='ocrx_word' id='word_1_70' title='bbox 557 1379 782 1481; x_wconf 84' lang='lat' dir='ltr'>ecclestae&#39;que</span> <span class='ocrx_word' id='word_1_71' title='bbox 809 1371 1007 1468; x_wconf 70' lang='lat' dir='ltr'>Romana,</span> <span class='ocrx_word' id='word_1_72' title='bbox 1052 1385 1112 1460; x_wconf 89' lang='lat' dir='ltr'>cui</span> 
     </span>
     <span class='ocr_line' id='line_1_12' title="bbox 68 1486 1110 1583; baseline -0.004 -9"><span class='ocrx_word' id='word_1_73' title='bbox 68 1518 137 1575; x_wconf 89' lang='lat' dir='ltr'>ceu</span> <span class='ocrx_word' id='word_1_74' title='bbox 174 1491 360 1570; x_wconf 85' lang='lat' dir='ltr'>cardinalis</span> <span class='ocrx_word' id='word_1_75' title='bbox 397 1491 587 1569; x_wconf 74' lang='lat' dir='ltr'>obstridius</span> <span class='ocrx_word' id='word_1_76' title='bbox 625 1492 750 1570; x_wconf 74' lang='lat' dir='ltr'>suetan</span> <span class='ocrx_word' id='word_1_77' title='bbox 826 1486 1110 1583; x_wconf 84' lang='lat' dir='ltr'>Existimamus,</span> 
     </span>
     <span class='ocr_line' id='line_1_13' title="bbox 67 1601 1113 1707; baseline -0.004 -21"><span class='ocrx_word' id='word_1_78' title='bbox 67 1601 178 1706; x_wconf 86' lang='lat' dir='ltr'>egisse</span> <span class='ocrx_word' id='word_1_79' title='bbox 196 1604 467 1705; x_wconf 81' lang='lat' dir='ltr'>quidemillum</span> <span class='ocrx_word' id='word_1_80' title='bbox 488 1628 564 1680; x_wconf 87' lang='lat' dir='ltr'>rem</span> <span class='ocrx_word' id='word_1_81' title='bbox 587 1608 712 1681; x_wconf 87' lang='lat' dir='ltr'>animo</span> <span class='ocrx_word' id='word_1_82' title='bbox 732 1601 891 1704; x_wconf 86' lang='lat' dir='ltr'>zeloque</span> <span class='ocrx_word' id='word_1_83' title='bbox 907 1610 1014 1700; x_wconf 90' lang='lat' dir='ltr'>(non</span> <span class='ocrx_word' id='word_1_84' title='bbox 1032 1608 1113 1707; x_wconf 89' lang='lat' dir='ltr'>qui·</span> 
     </span>
     <span class='ocr_line' id='line_1_14' title="bbox 69 1716 1113 1816; baseline 0.001 -20"><span class='ocrx_word' id='word_1_85' title='bbox 69 1721 156 1796; x_wconf 88' lang='lat' dir='ltr'>dem</span> <span class='ocrx_word' id='word_1_86' title='bbox 171 1716 369 1794; x_wconf 89' lang='lat' dir='ltr'>secundum</span> <span class='ocrx_word' id='word_1_87' title='bbox 393 1716 597 1804; x_wconf 85' lang='lat' dir='ltr'>scientiam,</span> <span class='ocrx_word' id='word_1_88' title='bbox 622 1716 709 1793; x_wconf 90' lang='lat' dir='ltr'>dum</span> <span class='ocrx_word' id='word_1_89' title='bbox 727 1732 810 1793; x_wconf 88' lang='lat' dir='ltr'>ante</span> <span class='ocrx_word' id='word_1_90' title='bbox 829 1732 976 1816; x_wconf 88' lang='lat' dir='ltr'>tempus</span> <span class='ocrx_word' id='word_1_91' title='bbox 991 1716 1039 1797; x_wconf 82' lang='lat' dir='ltr'>de&#39;</span> <span class='ocrx_word' id='word_1_92' title='bbox 1056 1744 1113 1797; x_wconf 89' lang='lat' dir='ltr'>te·</span> 
     </span>
     <span class='ocr_line' id='line_1_15' title="bbox 68 1824 1110 1931; baseline 0.005 -24"><span class='ocrx_word' id='word_1_93' title='bbox 68 1854 151 1931; x_wconf 87' lang='lat' dir='ltr'>gno</span> <span class='ocrx_word' id='word_1_94' title='bbox 175 1828 248 1907; x_wconf 89' lang='lat' dir='ltr'>Dei</span> <span class='ocrx_word' id='word_1_95' title='bbox 274 1832 397 1905; x_wconf 88' lang='lat' dir='ltr'>onmia</span> <span class='ocrx_word' id='word_1_96' title='bbox 424 1826 581 1903; x_wconf 88' lang='lat' dir='ltr'>scandala</span> <span class='ocrx_word' id='word_1_97' title='bbox 609 1827 748 1905; x_wconf 82' lang='lat' dir='ltr'>auferte</span> <span class='ocrx_word' id='word_1_98' title='bbox 775 1824 994 1917; x_wconf 88' lang='lat' dir='ltr'>contendit)</span> <span class='ocrx_word' id='word_1_99' title='bbox 1014 1830 1110 1912; x_wconf 89' lang='lat' dir='ltr'>haud</span> 
     </span>
     <span class='ocr_line' id='line_1_16' title="bbox 70 1939 1111 2038; baseline 0.002 -18"><span class='ocrx_word' id='word_1_100' title='bbox 70 1942 230 2029; x_wconf 86' lang='lat' dir='ltr'>sinistro,</span> <span class='ocrx_word' id='word_1_101' title='bbox 261 1942 311 2016; x_wconf 94' lang='lat' dir='ltr'>ob</span> <span class='ocrx_word' id='word_1_102' title='bbox 332 1944 406 2018; x_wconf 89' lang='lat' dir='ltr'>eius</span> <span class='ocrx_word' id='word_1_103' title='bbox 428 1943 507 2017; x_wconf 82' lang='lat' dir='ltr'>vitae</span> <span class='ocrx_word' id='word_1_104' title='bbox 526 1941 769 2038; x_wconf 81' lang='lat' dir='ltr'>integritatem</span> <span class='ocrx_word' id='word_1_105' title='bbox 790 1962 832 2017; x_wconf 81' lang='lat' dir='ltr'>ac</span> <span class='ocrx_word' id='word_1_106' title='bbox 852 1939 1037 2019; x_wconf 75' lang='lat' dir='ltr'>saudiratis</span> <span class='ocrx_word' id='word_1_107' title='bbox 1059 1945 1111 2022; x_wconf 84' lang='lat' dir='ltr'>fa-</span> 
     </span>
     <span class='ocr_line' id='line_1_17' title="bbox 69 2047 1111 2153; baseline 0.002 -20"><span class='ocrx_word' id='word_1_108' title='bbox 69 2078 170 2134; x_wconf 87' lang='lat' dir='ltr'>mam</span> <span class='ocrx_word' id='word_1_109' title='bbox 189 2110 199 2140; x_wconf 88' lang='lat'><strong>,</strong></span> <span class='ocrx_word' id='word_1_110' title='bbox 232 2077 302 2153; x_wconf 92' lang='lat' dir='ltr'>qua</span> <span class='ocrx_word' id='word_1_111' title='bbox 321 2055 427 2128; x_wconf 88' lang='lat' dir='ltr'>etiam</span> <span class='ocrx_word' id='word_1_112' title='bbox 450 2050 627 2128; x_wconf 84' lang='lat' dir='ltr'>miraculis</span> <span class='ocrx_word' id='word_1_113' title='bbox 644 2047 842 2130; x_wconf 85' lang='lat' dir='ltr'>inclaruisse</span> <span class='ocrx_word' id='word_1_114' title='bbox 859 2052 1004 2132; x_wconf 91' lang='lat' dir='ltr'>dicitur.</span> <span class='ocrx_word' id='word_1_115' title='bbox 1063 2059 1111 2135; x_wconf 83' lang='lat' dir='ltr'>At</span> 
     </span>
     <span class='ocr_line' id='line_1_18' title="bbox 66 2160 1109 2271; baseline 0 -26"><span class='ocrx_word' id='word_1_116' title='bbox 66 2190 161 2245; x_wconf 81' lang='lat' dir='ltr'>vero</span> <span class='ocrx_word' id='word_1_117' title='bbox 187 2165 396 2266; x_wconf 85' lang='lat' dir='ltr'>exemplum</span> <span class='ocrx_word' id='word_1_118' title='bbox 430 2160 590 2271; x_wconf 77' lang='lat' dir='ltr'>Ecclesae</span> <span class='ocrx_word' id='word_1_119' title='bbox 613 2162 761 2242; x_wconf 87' lang='lat' dir='ltr'>luminis</span> <span class='ocrx_word' id='word_1_120' title='bbox 786 2167 1109 2267; x_wconf 88' lang='lat' dir='ltr'>incomparabilis,</span> 
     </span>
     <span class='ocr_line' id='line_1_19' title="bbox 69 2274 1182 2378; baseline 0.003 -22"><span class='ocrx_word' id='word_1_121' title='bbox 69 2275 341 2378; x_wconf 79' lang='lat' dir='ltr'>sanniffimique</span> <span class='ocrx_word' id='word_1_122' title='bbox 370 2274 591 2376; x_wconf 90' lang='lat' dir='ltr'>episcopiet</span> <span class='ocrx_word' id='word_1_123' title='bbox 612 2281 779 2378; x_wconf 86' lang='lat' dir='ltr'>martyris</span> <span class='ocrx_word' id='word_1_124' title='bbox 806 2276 981 2378; x_wconf 81' lang='lat' dir='ltr'>Cypriani</span> <span class='ocrx_word' id='word_1_125' title='bbox 1012 2304 1107 2371; x_wconf 83' lang='lat' dir='ltr'>nus,</span> <span class='ocrx_word' id='word_1_126' title='bbox 1179 2365 1182 2372; x_wconf 65' lang='grc'><strong>,</strong></span> 
     </span>
     <span class='ocr_line' id='line_1_20' title="bbox 69 2389 1109 2491; baseline 0.002 -23"><span class='ocrx_word' id='word_1_127' title='bbox 69 2415 156 2468; x_wconf 88' lang='lat' dir='ltr'>cum</span> <span class='ocrx_word' id='word_1_128' title='bbox 190 2389 360 2468; x_wconf 85' lang='lat' dir='ltr'>similibus</span> <span class='ocrx_word' id='word_1_129' title='bbox 394 2389 683 2491; x_wconf 87' lang='lat' dir='ltr'>subsequentium</span> <span class='ocrx_word' id='word_1_130' title='bbox 707 2404 940 2489; x_wconf 85' lang='lat' dir='ltr'>temporum,</span> <span class='ocrx_word' id='word_1_131' title='bbox 974 2393 1109 2484; x_wconf 86' lang='lat' dir='ltr'>docet,</span> 
     </span>
     <span class='ocr_line' id='line_1_21' title="bbox 70 2500 1112 2604; baseline 0.003 -25"><span class='ocrx_word' id='word_1_132' title='bbox 70 2517 202 2604; x_wconf 87' lang='lat' dir='ltr'>quanta</span> <span class='ocrx_word' id='word_1_133' title='bbox 226 2505 446 2590; x_wconf 82' lang='lat' dir='ltr'>reverentia,</span> <span class='ocrx_word' id='word_1_134' title='bbox 478 2525 520 2579; x_wconf 88' lang='lat' dir='ltr'>ac</span> <span class='ocrx_word' id='word_1_135' title='bbox 545 2502 735 2579; x_wconf 79' lang='lat' dir='ltr'>austeritas</span> <span class='ocrx_word' id='word_1_136' title='bbox 761 2500 877 2580; x_wconf 83' lang='lat' dir='ltr'>danda</span> <span class='ocrx_word' id='word_1_137' title='bbox 904 2520 939 2580; x_wconf 93' lang='lat' dir='ltr'>et</span> <span class='ocrx_word' id='word_1_138' title='bbox 967 2507 1112 2583; x_wconf 90' lang='lat' dir='ltr'>conset-</span> 
     </span>
     <span class='ocr_line' id='line_1_22' title="bbox 69 2613 1110 2702; baseline 0.005 -11"><span class='ocrx_word' id='word_1_139' title='bbox 69 2616 185 2692; x_wconf 82' lang='lat' dir='ltr'>vanda</span> <span class='ocrx_word' id='word_1_140' title='bbox 213 2613 255 2690; x_wconf 90' lang='lat' dir='ltr'>lit</span> <span class='ocrx_word' id='word_1_141' title='bbox 290 2631 418 2691; x_wconf 88' lang='lat' dir='ltr'>centro</span> <span class='ocrx_word' id='word_1_142' title='bbox 456 2617 602 2690; x_wconf 86' lang='lat' dir='ltr'>unitatis</span> <span class='ocrx_word' id='word_1_143' title='bbox 634 2613 903 2702; x_wconf 78' lang='lat' dir='ltr'>ecclesiasticae,</span> <span class='ocrx_word' id='word_1_144' title='bbox 934 2613 1110 2696; x_wconf 74' lang='lat' dir='ltr'>Romane</span> 
     </span>
     <span class='ocr_line' id='line_1_23' title="bbox 70 2721 1110 2827; baseline 0.003 -23"><span class='ocrx_word' id='word_1_145' title='bbox 70 2727 164 2816; x_wconf 89' lang='lat' dir='ltr'>sedi,</span> <span class='ocrx_word' id='word_1_146' title='bbox 211 2725 350 2801; x_wconf 82' lang='lat' dir='ltr'>fisalva</span> <span class='ocrx_word' id='word_1_147' title='bbox 375 2748 431 2800; x_wconf 83' lang='lat' dir='ltr'>tes</span> <span class='ocrx_word' id='word_1_148' title='bbox 457 2721 639 2810; x_wconf 85' lang='lat' dir='ltr'>Ecclefiae,</span> <span class='ocrx_word' id='word_1_149' title='bbox 684 2741 793 2827; x_wconf 81' lang='lat' dir='ltr'>etque</span> <span class='ocrx_word' id='word_1_150' title='bbox 817 2730 854 2801; x_wconf 93' lang='lat' dir='ltr'>in</span> <span class='ocrx_word' id='word_1_151' title='bbox 883 2740 965 2804; x_wconf 90' lang='lat' dir='ltr'>tuto</span> <span class='ocrx_word' id='word_1_152' title='bbox 994 2729 1110 2827; x_wconf 84' lang='lat' dir='ltr'>polita</span> 
     </span>
     <span class='ocr_line' id='line_1_24' title="bbox 69 2835 1112 2939; baseline 0.003 -23"><span class='ocrx_word' id='word_1_153' title='bbox 69 2837 137 2916; x_wconf 88' lang='lat' dir='ltr'>eise</span> <span class='ocrx_word' id='word_1_154' title='bbox 154 2839 280 2915; x_wconf 84' lang='lat' dir='ltr'>debeat</span> <span class='ocrx_word' id='word_1_155' title='bbox 298 2861 368 2914; x_wconf 84' lang='lat' dir='ltr'>una</span> <span class='ocrx_word' id='word_1_156' title='bbox 393 2836 532 2926; x_wconf 79' lang='lat' dir='ltr'>sanila,</span> <span class='ocrx_word' id='word_1_157' title='bbox 563 2835 738 2916; x_wconf 84' lang='lat' dir='ltr'>catholica</span> <span class='ocrx_word' id='word_1_158' title='bbox 764 2853 802 2917; x_wconf 88' lang='lat' dir='ltr'>et</span> <span class='ocrx_word' id='word_1_159' title='bbox 829 2839 1024 2939; x_wconf 83' lang='lat' dir='ltr'>apostolica</span> <span class='ocrx_word' id='word_1_160' title='bbox 1043 2840 1112 2919; x_wconf 78' lang='lat' dir='ltr'>Ec·</span> 
     </span>
     <span class='ocr_line' id='line_1_25' title="bbox 68 2950 671 3030; baseline -0.003 0"><span class='ocrx_word' id='word_1_161' title='bbox 68 2950 181 3030; x_wconf 83' lang='lat' dir='ltr'>clefia.</span> <span class='ocrx_word' id='word_1_162' title='bbox 670 2953 671 2956; x_wconf 68' lang='grc'>’</span> 
     </span>
    </p>
   </div>
   <div class='ocr_carea' id='block_1_3' title="bbox 67 3102 1112 4089">
    <p class='ocr_par' dir='ltr' id='par_1_3' title="bbox 67 3102 1112 4003">
     <span class='ocr_line' id='line_1_26' title="bbox 154 3102 1111 3213; baseline -0.001 -21"><span class='ocrx_word' id='word_1_163' title='bbox 154 3110 294 3192; x_wconf 83' lang='lat' dir='ltr'>Accidit</span> <span class='ocrx_word' id='word_1_164' title='bbox 316 3131 402 3188; x_wconf 86' lang='lat' dir='ltr'>veto</span> <span class='ocrx_word' id='word_1_165' title='bbox 422 3102 589 3209; x_wconf 85' lang='lat' dir='ltr'>lingulati</span> <span class='ocrx_word' id='word_1_166' title='bbox 612 3108 731 3189; x_wconf 90' lang='lat' dir='ltr'>divina</span> <span class='ocrx_word' id='word_1_167' title='bbox 749 3110 978 3213; x_wconf 88' lang='lat' dir='ltr'>providentia</span> <span class='ocrx_word' id='word_1_168' title='bbox 999 3136 1017 3188; x_wconf 91' lang='lat' dir='ltr'>a</span> <span class='ocrx_word' id='word_1_169' title='bbox 1034 3108 1111 3191; x_wconf 85' lang='lat' dir='ltr'>Da·</span> 
     </span>
     <span class='ocr_line' id='line_1_27' title="bbox 67 3219 1109 3304; baseline 0 -1"><span class='ocrx_word' id='word_1_170' title='bbox 67 3225 162 3303; x_wconf 90' lang='lat' dir='ltr'>niele</span> <span class='ocrx_word' id='word_1_171' title='bbox 189 3242 315 3302; x_wconf 87' lang='lat' dir='ltr'>notata</span> <span class='ocrx_word' id='word_1_172' title='bbox 340 3225 384 3300; x_wconf 91' lang='lat' dir='ltr'>de</span> <span class='ocrx_word' id='word_1_173' title='bbox 413 3219 563 3300; x_wconf 84' lang='lat' dir='ltr'>Ecclefia</span> <span class='ocrx_word' id='word_1_174' title='bbox 595 3223 727 3303; x_wconf 85' lang='lat' dir='ltr'>Christi</span> <span class='ocrx_word' id='word_1_175' title='bbox 750 3226 880 3302; x_wconf 88' lang='lat' dir='ltr'>orbem</span> <span class='ocrx_word' id='word_1_176' title='bbox 902 3226 1109 3304; x_wconf 85' lang='lat' dir='ltr'>universum</span> 
     </span>
     <span class='ocr_line' id='line_1_28' title="bbox 70 3333 1110 3437; baseline 0.004 -26"><span class='ocrx_word' id='word_1_177' title='bbox 70 3340 284 3437; x_wconf 88' lang='lat' dir='ltr'>impletura,</span> <span class='ocrx_word' id='word_1_178' title='bbox 315 3353 443 3413; x_wconf 88' lang='lat' dir='ltr'>monte</span> <span class='ocrx_word' id='word_1_179' title='bbox 469 3334 533 3410; x_wconf 91' lang='lat' dir='ltr'>illo</span> <span class='ocrx_word' id='word_1_180' title='bbox 557 3335 690 3413; x_wconf 86' lang='lat' dir='ltr'>domus</span> <span class='ocrx_word' id='word_1_181' title='bbox 723 3333 880 3414; x_wconf 88' lang='lat' dir='ltr'>Domini</span> <span class='ocrx_word' id='word_1_182' title='bbox 909 3341 945 3414; x_wconf 92' lang='lat' dir='ltr'>in</span> <span class='ocrx_word' id='word_1_183' title='bbox 974 3346 1110 3415; x_wconf 85' lang='lat' dir='ltr'>vertice</span> 
     </span>
     <span class='ocr_line' id='line_1_29' title="bbox 71 3445 1110 3535; baseline 0.006 -13"><span class='ocrx_word' id='word_1_184' title='bbox 71 3452 278 3535; x_wconf 87' lang='lat' dir='ltr'>montium,</span> <span class='ocrx_word' id='word_1_185' title='bbox 310 3467 350 3526; x_wconf 89' lang='lat' dir='ltr'>ut</span> <span class='ocrx_word' id='word_1_186' title='bbox 369 3447 464 3525; x_wconf 89' lang='lat' dir='ltr'>sedes</span> <span class='ocrx_word' id='word_1_187' title='bbox 482 3445 578 3524; x_wconf 87' lang='lat' dir='ltr'>Petri</span> <span class='ocrx_word' id='word_1_188' title='bbox 598 3445 724 3524; x_wconf 79' lang='lat' dir='ltr'>Romae</span> <span class='ocrx_word' id='word_1_189' title='bbox 744 3449 939 3525; x_wconf 85' lang='lat' dir='ltr'>constituta</span> <span class='ocrx_word' id='word_1_190' title='bbox 960 3451 1003 3525; x_wconf 91' lang='lat' dir='ltr'>ab</span> <span class='ocrx_word' id='word_1_191' title='bbox 1026 3474 1110 3529; x_wconf 77' lang='lat' dir='ltr'>otn-</span> 
     </span>
     <span class='ocr_line' id='line_1_30' title="bbox 70 3561 1109 3662; baseline 0.008 -28"><span class='ocrx_word' id='word_1_192' title='bbox 70 3563 107 3634; x_wconf 92' lang='lat' dir='ltr'>ni</span> <span class='ocrx_word' id='word_1_193' title='bbox 140 3564 291 3660; x_wconf 86' lang='lat' dir='ltr'>imperio</span> <span class='ocrx_word' id='word_1_194' title='bbox 313 3561 446 3646; x_wconf 88' lang='lat' dir='ltr'>libera,</span> <span class='ocrx_word' id='word_1_195' title='bbox 480 3563 688 3659; x_wconf 89' lang='lat' dir='ltr'>neminique</span> <span class='ocrx_word' id='word_1_196' title='bbox 710 3563 917 3662; x_wconf 92' lang='lat' dir='ltr'>principum</span> <span class='ocrx_word' id='word_1_197' title='bbox 947 3563 1109 3643; x_wconf 85' lang='lat' dir='ltr'>obnoxia</span> 
     </span>
     <span class='ocr_line' id='line_1_31' title="bbox 70 3668 1112 3754; baseline 0.006 -6"><span class='ocrx_word' id='word_1_198' title='bbox 70 3668 181 3748; x_wconf 86' lang='lat' dir='ltr'>esset:</span> <span class='ocrx_word' id='word_1_199' title='bbox 213 3676 315 3749; x_wconf 80' lang='lat' dir='ltr'>cuius</span> <span class='ocrx_word' id='word_1_200' title='bbox 338 3675 573 3750; x_wconf 82' lang='lat' dir='ltr'>immunitatis</span> <span class='ocrx_word' id='word_1_201' title='bbox 602 3673 802 3751; x_wconf 81' lang='lat' dir='ltr'>commode</span> <span class='ocrx_word' id='word_1_202' title='bbox 839 3698 916 3750; x_wconf 92' lang='lat' dir='ltr'>non</span> <span class='ocrx_word' id='word_1_203' title='bbox 947 3678 1112 3754; x_wconf 85' lang='lat' dir='ltr'>attende-</span> 
     </span>
     <span class='ocr_line' id='line_1_32' title="bbox 69 3770 1110 3889; baseline 0.005 -30"><span class='ocrx_word' id='word_1_204' title='bbox 69 3806 157 3860; x_wconf 89' lang='lat' dir='ltr'>runt</span> <span class='ocrx_word' id='word_1_205' title='bbox 188 3785 340 3861; x_wconf 89' lang='lat' dir='ltr'>concilia</span> <span class='ocrx_word' id='word_1_206' title='bbox 366 3784 423 3861; x_wconf 85' lang='lat' dir='ltr'>illa</span> <span class='ocrx_word' id='word_1_207' title='bbox 448 3783 554 3863; x_wconf 88' lang='lat' dir='ltr'>huius</span> <span class='ocrx_word' id='word_1_208' title='bbox 578 3770 709 3876; x_wconf 78' lang='lat' dir='ltr'>seculi,</span> <span class='ocrx_word' id='word_1_209' title='bbox 741 3787 932 3887; x_wconf 81' lang='lat' dir='ltr'>inquibus</span> <span class='ocrx_word' id='word_1_210' title='bbox 958 3811 1023 3889; x_wconf 90' lang='lat' dir='ltr'>pet</span> <span class='ocrx_word' id='word_1_211' title='bbox 1048 3813 1110 3864; x_wconf 89' lang='lat' dir='ltr'>na·</span> 
     </span>
     <span class='ocr_line' id='line_1_33' title="bbox 70 3894 1111 4003; baseline 0.004 -28"><span class='ocrx_word' id='word_1_212' title='bbox 70 3898 189 3975; x_wconf 87' lang='lat' dir='ltr'>tiones</span> <span class='ocrx_word' id='word_1_213' title='bbox 213 3896 377 3997; x_wconf 87' lang='lat' dir='ltr'>suffragia</span> <span class='ocrx_word' id='word_1_214' title='bbox 403 3894 484 3976; x_wconf 92' lang='lat' dir='ltr'>sunt</span> <span class='ocrx_word' id='word_1_215' title='bbox 504 3897 664 3980; x_wconf 70' lang='lat' dir='ltr'>collecta.</span> <span class='ocrx_word' id='word_1_216' title='bbox 740 3897 812 3980; x_wconf 89' lang='lat' dir='ltr'>Cui</span> <span class='ocrx_word' id='word_1_217' title='bbox 834 3902 886 3978; x_wconf 92' lang='lat' dir='ltr'>rei</span> <span class='ocrx_word' id='word_1_218' title='bbox 910 3901 1018 4003; x_wconf 89' lang='lat' dir='ltr'>plane</span> <span class='ocrx_word' id='word_1_219' title='bbox 1047 3923 1111 3979; x_wconf 72' lang='lat' dir='ltr'>ex-</span> 
     </span>
    </p>

    <p class='ocr_par' dir='ltr' id='par_1_4' title="bbox 983 4029 1054 4089">
     <span class='ocr_line' id='line_1_34' title="bbox 983 4029 1054 4089; baseline 0.014 -1"><span class='ocrx_word' id='word_1_220' title='bbox 983 4029 1054 4089; x_wconf 84' lang='lat' dir='ltr'>tta-</span> 
     </span>
    </p>
   </div>
   <div class='ocr_carea' id='block_1_4' title="bbox 0 0 1261 4958">
    <p class='ocr_par' dir='ltr' id='par_1_5' title="bbox 0 0 1261 4958">
     <span class='ocr_line' id='line_1_35' title="bbox 0 0 1261 4958; baseline 0 0"><span class='ocrx_word' id='word_1_221' title='bbox 0 0 1261 4958; x_wconf 95' lang='lat' dir='ltr'> </span> 
     </span>
    </p>
   </div>
  </div>
 </body>
</html>
