2512 4620
101 153 109 162 ’
172 314 176 319 ,
240 230 392 310 regnum
414 203 544 327 rann
565 208 608 287 a»
622 208 739 289 mn
768 228 797 287 e.
817 202 998 306 xurru.
1057 231 1137 305 ιη

99 431 128 473 ,,
155 370 298 452 occauo
327 394 404 449 non
431 370 619 449 intelledre
644 370 830 471 epistolae,
861 370 917 449 rel
942 370 1021 453 fiae
1043 396 1144 453 reve·

100 542 129 583 „
155 484 260 573 latio,
292 507 373 586 quae
393 506 457 583 per
475 482 655 561 somnium
679 483 868 581 deceperat
892 484 1140 577 dormientes.

101 653 129 695 „
157 596 216 675 uel
245 595 454 697 aliquorum
480 594 720 680 coniedurn.
773 592 868 673 lsaiae
894 610 932 671 et
958 594 1142 687 Danielis,

71 766 129 806 .„
158 706 510 807 Evangeliorumque
530 707 637 783 verbu
666 705 712 782 de
732 704 949 784 Antichristo
979 730 1145 806 pronun·

71 890 73 901 .
102 878 130 918 ,‚
158 822 302 907 tiantia,
341 821 380 896 in
400 818 491 896 illud
510 834 653 918 tempus
671 819 986 917 interpretantium
1018 842 1144 899 more·

71 1012 73 1016 ,
106 990 132 1030 „
161 947 240 1018 rat.
270 948 378 1031 atque
397 930 619 1008 turbaverat:
649 943 692 1007 ut
711 931 747 1005 io
775 930 953 1007 maiestate
978 929 1144 1016 suttune

103 1100 131 1140 „
160 1043 344 1124 Christum
369 1041 548 1141 sperarent
573 1037 642 1119 elle
663 1058 870 1119 venturum.
928 1040 999 1121 Cui
1028 1049 1143 1123 errori

103 1212 131 1254 „
161 1154 326 1235 medetur
351 1152 571 1253 Apostolus,
616 1165 653 1230 et
678 1154 851 1251 exponit,
881 1176 963 1253 que
982 1172 1065 1233 aute
1081 1156 1144 1257 ad·

103 1325 131 1366 υ
161 1284 312 1349 ventum
332 1264 464 1345 Christi
480 1263 635 1345 debeant
650 1263 863 1364 prestolari,
893 1278 934 1344 ut
951 1289 1065 1366 quum
1084 1267 1142 1347 llle

104 1436 130 1477 „
159 1378 441 1463 fadariderint.
472 1375 686 1459 tuncsciant
707 1374 988 1463 Antichristum,
1019 1378 1140 1469 idest.

104 1548 130 1589 υ
159 1488 347 1568 hominem
372 1490 538 1591 peccati.
590 1486 764 1566 etlilium
795 1486 1032 1587 perditionis,
1078 1495 1143 1592 qui

103 1659 130 1698 „
157 1601 381 1687 adversatur,
410 1616 447 1677 et
468 1599 658 1681 extollitur
681 1600 785 1699 supra
806 1622 939 1690 ornne,
971 1603 1073 1701 quod
1090 1605 1145 1681 di·

102 1770 130 1809 „
157 1716 251 1791 citur
270 1711 394 1798 Deus,
422 1727 485 1790 aut
504 1710 606 1810 quud
622 1710 779 1798 colitur,
809 1712 858 1789 ita
882 1716 978 1792 utin
1003 1714 1143 1814 templu
1204 1714 1208 1725 '

71 1846 127 1927 '‚‚
157 1825 293 1911 sedeat.
336 1820 405 1901 effe
423 1837 628 1899 venturum.
688 1818 791 1913 Nifi.
829 1822 973 1922 inquit,
1003 1829 1144 1903 omem

101 1994 129 2033 „
157 1932 301 2032 disreffio
322 1935 501 2030 primum,
529 1930 631 2033 quod
649 1929 776 2013 Graece
792 1930 1145 2030 dicituroinream'a,

103 2105 130 2143 „
159 2066 287 2125 umnec
308 2060 453 2144 genten.
482 2067 562 2145 quae
583 2040 754 2125 Romano
769 2042 923 2143 imperio
942 2041 1141 2132 subiacent.

103 2216 130 2256 υ
158 2158 325 2239 recedant
339 2159 384 2232 ab
393 2158 464 2242 eie.
487 2166 521 2232 et
536 2150 714 2233 revelatus
721 2149 866 2253 fuerit.
886 2155 924 2233 id
939 2157 1006 2242 est.
1024 2152 1143 2233 osten·

106 2328 131 2368 „
160 2268 237 2353 sus.
266 2271 283 2365 (
296 2291 405 2369 quem
430 2269 552 2345 omnia
573 2265 834 2367 prophetatum
851 2269 957 2345 verba
976 2289 1143 2367 praenun-

106 2440 132 2481 „
161 2379 285 2470 tiaut)
323 2379 425 2457 norm
452 2380 586 2476 peccori
616 2380 724 2472 &c„.
755 2374 800 2461 Et
824 2379 983 2460 iterum:
1019 2434 1041 2470 „
1063 2376 1144 2457 Nec

104 2552 131 2593 „
160 2492 238 2571 vult
252 2509 373 2592 aperte
389 2490 508 2573 dicero
525 2488 734 2573 Romanum
749 2493 942 2591 imperium
961 2490 1144 2570 destruen-

103 2663 130 2705 ,,
157 2604 265 2691 dum,
295 2603 398 2704 quod
415 2602 497 2704 ipsu,
514 2605 576 2702 qui
596 2605 793 2700 imperant,
814 2616 988 2684 eternum
1003 2615 1141 2700 putant,

103 2774 130 2819 n
159 2714 267 2792 Unde
289 2713 485 2794 secundum
514 2709 752 2812 Apocalypsin
782 2711 949 2799 loannis.
980 2714 1018 2791 in
1044 2710 1144 2789 ston-

102 2886 130 2924 ,‚
159 2846 194 2902 te
211 2841 412 2924 purpurare
434 2825 628 2900 meretricis
648 2822 817 2923 scriptum
837 2823 887 2901 est
904 2844 1041 2899 nomen
1058 2821 1145 2897 blas·

104 2998 132 3039 „
159 2938 333 3039 phemiam
374 2934 480 3015 idest
502 2932 629 3013 Romae
649 2948 800 3013 eterne
857 2932 895 3013 Si
917 2936 1013 3011 enim
1043 2956 1146 3033 aper·

105 3109 132 3153 „
160 3065 196 3127 te
217 3047 453 3148 audacterque
470 3042 631 3138 dixissen
654 3069 730 3123 non
751 3047 870 3127 venlet
887 3042 1141 3133 Antichristus,

103 3221 132 3262 ‚‚
161 3159 223 3241 nisi
259 3162 356 3261 prius
384 3157 594 3238 Romanum
623 3154 784 3240 deleatur
807 3159 1029 3257 imperium.
1055 3156 1146 3237 iusla
1224 3144 1229 3163 ¹

105 3332 134 3371 ,‚
158 3271 258 3352 causa
285 3269 540 3371 persecutionis
569 3272 606 3347 in
634 3270 814 3348 orientem
838 3284 928 3349 tunc
955 3264 1144 3347 Ecclefiam

105 3442 132 3482 „
159 3382 377 3483 consurgere
399 3381 597 3459 videbatur.
656 3378 848 3485 Quodque
865 3379 1041 3480 sequitur:
1072 3381 1147 3461 iam

106 3553 135 3597 „
161 3496 255 3570 em'm
290 3490 488 3589 myserium
520 3502 688 3589 operatur
712 3492 782 3575 &c
825 3491 924 3576 hunc
943 3490 1050 3570 habet
1071 3490 1146 3571 sen·

107 3667 135 3705 ,2
164 3606 261 3689 sum:
294 3604 421 3685 Multis
445 3604 544 3683 malis
569 3619 676 3704 atque
700 3607 881 3703 peccatis.
911 3604 1042 3705 quibus
1071 3600 1148 3683 Ne·

109 3780 136 3823 „
165 3740 207 3795 ro
227 3714 479 3815 impurissimus
500 3715 678 3797 Caesarum
700 3715 880 3795 mundum
897 3716 1050 3816 premit,
1072 3714 1148 3795 An·

108 3886 136 3934 ,
165 3827 314 3915 tichrlstl
340 3831 536 3931 parturitur
563 3827 764 3908 adventur:
792 3844 828 3908 et
847 3824 951 3930 quod
971 3824 1032 3909 ille
1060 3849 1147 3929 ope·

595 3967 684 4070 1³4
901 4023 926 4071 ,
952 3982 1094 4055 ututur
