<?xml version="1.0" encoding="UTF-8"?>
<!DOCTYPE html PUBLIC "-//W3C//DTD XHTML 1.0 Transitional//EN"
    "http://www.w3.org/TR/xhtml1/DTD/xhtml1-transitional.dtd">
<html xmlns="http://www.w3.org/1999/xhtml" xml:lang="en" lang="en">
 <head>
  <title>
</title>
<meta http-equiv="Content-Type" content="text/html;charset=utf-8" />
  <meta name='ocr-system' content='tesseract 3.04.00' />
  <meta name='ocr-capabilities' content='ocr_page ocr_carea ocr_par ocr_line ocrx_word'/>
</head>
<body>
  <div class='ocr_page' id='page_1' title='image "./ecclesiamilitan01gerbgoog_0256.png"; bbox 0 0 2506 4958; ppageno 0'>
   <div class='ocr_carea' id='block_1_1' title="bbox 217 205 1220 320">
    <p class='ocr_par' dir='ltr' id='par_1_1' title="bbox 217 205 1220 320">
     <span class='ocr_line' id='line_1_1' title="bbox 217 205 1220 320; baseline 0.011 -32"><span class='ocrx_word' id='word_1_1' title='bbox 217 232 369 310; x_wconf 76' lang='lat' dir='ltr'><strong>regnum</strong></span> <span class='ocrx_word' id='word_1_2' title='bbox 389 205 517 302; x_wconf 71' lang='lat' dir='ltr'><strong>Chrilii</strong></span> <span class='ocrx_word' id='word_1_3' title='bbox 531 213 571 286; x_wconf 85' lang='lat' dir='ltr'><strong>in</strong></span> <span class='ocrx_word' id='word_1_4' title='bbox 589 215 699 289; x_wconf 80' lang='lat' dir='ltr'><strong>terris</strong></span> <span class='ocrx_word' id='word_1_5' title='bbox 712 206 741 288; x_wconf 75' lang='grc' dir='ltr'><strong>ε’.</strong></span> <span class='ocrx_word' id='word_1_6' title='bbox 762 212 926 293; x_wconf 77' lang='lat' dir='ltr'><em>XXVII.</em></span> <span class='ocrx_word' id='word_1_7' title='bbox 1015 210 1093 310; x_wconf 67' lang='lat'><strong>2⁴33</strong></span> <span class='ocrx_word' id='word_1_8' title='bbox 1215 311 1220 320; x_wconf 46' lang='grc'><em>,</em></span> 
     </span>
    </p>
   </div>
   <div class='ocr_carea' id='block_1_2' title="bbox 56 369 1148 813">
    <p class='ocr_par' dir='ltr' id='par_1_2' title="bbox 56 369 1148 813">
     <span class='ocr_line' id='line_1_2' title="bbox 56 369 1100 476; baseline 0.004 -22"><span class='ocrx_word' id='word_1_9' title='bbox 56 397 118 454; x_wconf 82' lang='lat' dir='ltr'><strong>rrs</strong></span> <span class='ocrx_word' id='word_1_10' title='bbox 147 369 314 474; x_wconf 83' lang='lat' dir='ltr'><strong>deinceps</strong></span> <span class='ocrx_word' id='word_1_11' title='bbox 345 396 494 475; x_wconf 88' lang='lat' dir='ltr'><strong>quoque</strong></span> <span class='ocrx_word' id='word_1_12' title='bbox 523 375 565 452; x_wconf 85' lang='lat' dir='ltr'><strong>nd</strong></span> <span class='ocrx_word' id='word_1_13' title='bbox 594 373 702 451; x_wconf 82' lang='lat' dir='ltr'><strong>fin&#39;ern</strong></span> <span class='ocrx_word' id='word_1_14' title='bbox 736 379 855 476; x_wconf 76' lang='lat' dir='ltr'><strong>quarti</strong></span> <span class='ocrx_word' id='word_1_15' title='bbox 879 375 1014 465; x_wconf 66' lang='lat' dir='ltr'><strong>·huius;</strong></span> <span class='ocrx_word' id='word_1_16' title='bbox 1058 402 1100 458; x_wconf 91' lang='lat' dir='ltr'><strong>ac</strong></span> 
     </span>
     <span class='ocr_line' id='line_1_3' title="bbox 60 485 1101 588; baseline 0.003 -22"><span class='ocrx_word' id='word_1_17' title='bbox 60 491 208 566; x_wconf 86' lang='lat' dir='ltr'><strong>initium</strong></span> <span class='ocrx_word' id='word_1_18' title='bbox 243 490 360 588; x_wconf 90' lang='lat' dir='ltr'><strong>quinti</strong></span> <span class='ocrx_word' id='word_1_19' title='bbox 392 485 548 564; x_wconf 85' lang='lat' dir='ltr'><strong>secusia</strong></span> <span class='ocrx_word' id='word_1_20' title='bbox 582 487 814 576; x_wconf 85' lang='lat' dir='ltr'><strong>Theodofio,</strong></span> <span class='ocrx_word' id='word_1_21' title='bbox 857 490 1034 578; x_wconf 84' lang='lat' dir='ltr'><strong>Arcadio,</strong></span> <span class='ocrx_word' id='word_1_22' title='bbox 1065 506 1101 569; x_wconf 85' lang='lat' dir='ltr'><strong>et</strong></span> 
     </span>
     <span class='ocr_line' id='line_1_4' title="bbox 60 598 1100 699; baseline 0.008 -25"><span class='ocrx_word' id='word_1_23' title='bbox 60 598 247 681; x_wconf 90' lang='lat' dir='ltr'><strong>Honorio</strong></span> <span class='ocrx_word' id='word_1_24' title='bbox 266 599 353 674; x_wconf 85' lang='lat' dir='ltr'><strong>datae</strong></span> <span class='ocrx_word' id='word_1_25' title='bbox 379 598 458 674; x_wconf 83' lang='lat' dir='ltr'><strong>sunt</strong></span> <span class='ocrx_word' id='word_1_26' title='bbox 485 598 611 698; x_wconf 51' lang='lat' dir='ltr'><strong>legen</strong></span> <span class='ocrx_word' id='word_1_27' title='bbox 634 602 765 699; x_wconf 88' lang='lat' dir='ltr'><strong>quibus</strong></span> <span class='ocrx_word' id='word_1_28' title='bbox 791 600 909 678; x_wconf 88' lang='lat' dir='ltr'><strong>cultus</strong></span> <span class='ocrx_word' id='word_1_29' title='bbox 934 602 1100 681; x_wconf 86' lang='lat' dir='ltr'><strong>ethnicus</strong></span> 
     </span>
     <span class='ocr_line' id='line_1_5' title="bbox 61 710 1148 813; baseline 0.005 -25"><span class='ocrx_word' id='word_1_30' title='bbox 61 710 307 813; x_wconf 84' lang='lat' dir='ltr'>prohibetur,</span> <span class='ocrx_word' id='word_1_31' title='bbox 337 733 415 808; x_wconf 83' lang='lat' dir='ltr'><strong>quae</strong></span> <span class='ocrx_word' id='word_1_32' title='bbox 436 711 610 787; x_wconf 88' lang='lat' dir='ltr'><strong>habentur</strong></span> <span class='ocrx_word' id='word_1_33' title='bbox 631 713 690 788; x_wconf 87' lang='lat' dir='ltr'><strong>lib.</strong></span> <span class='ocrx_word' id='word_1_34' title='bbox 711 710 763 790; x_wconf 91' lang='lat' dir='ltr'><strong>X.</strong></span> <span class='ocrx_word' id='word_1_35' title='bbox 786 714 868 790; x_wconf 89' lang='lat' dir='ltr'><strong>cod.</strong></span> <span class='ocrx_word' id='word_1_36' title='bbox 888 713 1033 792; x_wconf 89' lang='lat' dir='ltr'><strong>Theod.</strong></span> <span class='ocrx_word' id='word_1_37' title='bbox 1047 716 1102 792; x_wconf 82' lang='lat' dir='ltr'><strong>de</strong></span> <span class='ocrx_word' id='word_1_38' title='bbox 1146 747 1148 750; x_wconf 61' lang='grc'>’</span> 
     </span>
    </p>
   </div>
   <div class='ocr_carea' id='block_1_3' title="bbox 57 818 1236 926">
    <p class='ocr_par' dir='ltr' id='par_1_3' title="bbox 57 818 1236 926">
     <span class='ocr_line' id='line_1_6' title="bbox 57 818 1236 926; baseline 0.006 -28"><span class='ocrx_word' id='word_1_39' title='bbox 57 825 222 922; x_wconf 76' lang='lat' dir='ltr'><em>paganis.</em></span> <span class='ocrx_word' id='word_1_40' title='bbox 283 821 405 900; x_wconf 83' lang='lat' dir='ltr'><strong>Postea</strong></span> <span class='ocrx_word' id='word_1_41' title='bbox 424 845 532 922; x_wconf 86' lang='lat' dir='ltr'><strong>quam</strong></span> <span class='ocrx_word' id='word_1_42' title='bbox 549 818 778 902; x_wconf 80' lang='lat' dir='ltr'><strong>Theodosius</strong></span> <span class='ocrx_word' id='word_1_43' title='bbox 800 825 997 904; x_wconf 82' lang='lat' dir='ltr'><strong>renovasset</strong></span> <span class='ocrx_word' id='word_1_44' title='bbox 1016 852 1104 926; x_wconf 90' lang='lat' dir='ltr'><strong>pro·</strong></span> <span class='ocrx_word' id='word_1_45' title='bbox 1233 873 1236 879; x_wconf 34' lang='grc' dir='ltr'><em>ν</em></span> 
     </span>
    </p>
   </div>
   <div class='ocr_carea' id='block_1_4' title="bbox 61 933 1103 1263">
    <p class='ocr_par' dir='ltr' id='par_1_4' title="bbox 61 933 1103 1263">
     <span class='ocr_line' id='line_1_7' title="bbox 61 933 1101 1038; baseline 0.005 -26"><span class='ocrx_word' id='word_1_46' title='bbox 61 937 269 1035; x_wconf 85' lang='lat' dir='ltr'><strong>scriptionis</strong></span> <span class='ocrx_word' id='word_1_47' title='bbox 297 935 480 1010; x_wconf 87' lang='lat' dir='ltr'><strong>decretum</strong></span> <span class='ocrx_word' id='word_1_48' title='bbox 504 933 661 1034; x_wconf 86' lang='lat' dir='ltr'><strong>Cynesro</strong></span> <span class='ocrx_word' id='word_1_49' title='bbox 685 937 851 1034; x_wconf 76' lang='lat' dir='ltr'><strong>praescito</strong></span> <span class='ocrx_word' id='word_1_50' title='bbox 880 942 1039 1038; x_wconf 84' lang='lat' dir='ltr'><strong>praetorii</strong></span> <span class='ocrx_word' id='word_1_51' title='bbox 1063 943 1101 1017; x_wconf 91' lang='lat' dir='ltr'><strong>in</strong></span> 
     </span>
     <span class='ocr_line' id='line_1_8' title="bbox 63 1044 1101 1133; baseline 0.002 -7"><span class='ocrx_word' id='word_1_52' title='bbox 63 1045 241 1133; x_wconf 83' lang='lat' dir='ltr'><strong>Oriente,</strong></span> <span class='ocrx_word' id='word_1_53' title='bbox 273 1044 400 1123; x_wconf 90' lang='lat' dir='ltr'><strong>Ioanni</strong></span> <span class='ocrx_word' id='word_1_54' title='bbox 430 1048 514 1120; x_wconf 87' lang='lat' dir='ltr'><strong>item</strong></span> <span class='ocrx_word' id='word_1_55' title='bbox 541 1065 577 1125; x_wconf 85' lang='lat' dir='ltr'><strong>et</strong></span> <span class='ocrx_word' id='word_1_56' title='bbox 604 1047 813 1126; x_wconf 77' lang='lat' dir='ltr'><strong>Gaudentio</strong></span> <span class='ocrx_word' id='word_1_57' title='bbox 841 1053 1037 1128; x_wconf 78' lang='lat' dir='ltr'><strong>comitibus</strong></span> <span class='ocrx_word' id='word_1_58' title='bbox 1063 1055 1101 1128; x_wconf 90' lang='lat' dir='ltr'><strong>iu</strong></span> 
     </span>
     <span class='ocr_line' id='line_1_9' title="bbox 63 1157 1103 1263; baseline 0.004 -26"><span class='ocrx_word' id='word_1_59' title='bbox 63 1157 271 1238; x_wconf 85' lang='lat' dir='ltr'><strong>Occidente</strong></span> <span class='ocrx_word' id='word_1_60' title='bbox 300 1159 334 1232; x_wconf 90' lang='lat' dir='ltr'><strong>id</strong></span> <span class='ocrx_word' id='word_1_61' title='bbox 358 1161 497 1256; x_wconf 84' lang='lat' dir='ltr'><strong>negotii</strong></span> <span class='ocrx_word' id='word_1_62' title='bbox 527 1158 733 1246; x_wconf 79' lang='lat' dir='ltr'><strong>commisit,</strong></span> <span class='ocrx_word' id='word_1_63' title='bbox 764 1162 958 1263; x_wconf 81' lang='lat' dir='ltr'><strong>attempta</strong></span> <span class='ocrx_word' id='word_1_64' title='bbox 982 1162 1103 1241; x_wconf 90' lang='lat' dir='ltr'><strong>idolo·</strong></span> 
     </span>
    </p>
   </div>
   <div class='ocr_carea' id='block_1_5' title="bbox 60 1265 1226 1484">
    <p class='ocr_par' dir='ltr' id='par_1_5' title="bbox 60 1265 1226 1484">
     <span class='ocr_line' id='line_1_10' title="bbox 60 1265 1216 1376; baseline 0.003 -27"><span class='ocrx_word' id='word_1_65' title='bbox 60 1294 148 1349; x_wconf 88' lang='lat' dir='ltr'><strong>rum</strong></span> <span class='ocrx_word' id='word_1_66' title='bbox 177 1269 405 1353; x_wconf 84' lang='lat' dir='ltr'><strong>clauderent,</strong></span> <span class='ocrx_word' id='word_1_67' title='bbox 438 1271 623 1370; x_wconf 83' lang='lat' dir='ltr'><strong>priuilegia</strong></span> <span class='ocrx_word' id='word_1_68' title='bbox 649 1272 895 1360; x_wconf 84' lang='lat' dir='ltr'><strong>sacerdotalia,</strong></span> <span class='ocrx_word' id='word_1_69' title='bbox 939 1289 976 1352; x_wconf 84' lang='lat' dir='ltr'><strong>et</strong></span> <span class='ocrx_word' id='word_1_70' title='bbox 996 1275 1102 1376; x_wconf 87' lang='lat' dir='ltr'><strong>quid·</strong></span> <span class='ocrx_word' id='word_1_71' title='bbox 1212 1265 1216 1272; x_wconf 59' lang='grc'><em>“</em></span> 
     </span>
     <span class='ocr_line' id='line_1_11' title="bbox 62 1379 1226 1484; baseline 0.001 -25"><span class='ocrx_word' id='word_1_72' title='bbox 62 1379 156 1484; x_wconf 88' lang='lat' dir='ltr'><strong>quid</strong></span> <span class='ocrx_word' id='word_1_73' title='bbox 194 1382 239 1457; x_wconf 83' lang='lat' dir='ltr'><strong>ud</strong></span> <span class='ocrx_word' id='word_1_74' title='bbox 273 1381 467 1457; x_wconf 85' lang='lat' dir='ltr'><strong>nefandum</strong></span> <span class='ocrx_word' id='word_1_75' title='bbox 509 1383 646 1462; x_wconf 87' lang='lat' dir='ltr'><strong>cultum</strong></span> <span class='ocrx_word' id='word_1_76' title='bbox 683 1387 872 1473; x_wconf 84' lang='lat' dir='ltr'><strong>attineret,</strong></span> <span class='ocrx_word' id='word_1_77' title='bbox 919 1385 1101 1465; x_wconf 85' lang='lat' dir='ltr'><strong>tollerent.</strong></span> <span class='ocrx_word' id='word_1_78' title='bbox 1224 1456 1226 1460; x_wconf 84' lang='grc'><em>,</em></span> 
     </span>
    </p>
   </div>
   <div class='ocr_carea' id='block_1_6' title="bbox 63 1491 1105 2041">
    <p class='ocr_par' dir='ltr' id='par_1_6' title="bbox 63 1491 1105 2041">
     <span class='ocr_line' id='line_1_12' title="bbox 63 1491 1105 1598; baseline 0.004 -24"><span class='ocrx_word' id='word_1_79' title='bbox 63 1493 157 1574; x_wconf 89' lang='lat' dir='ltr'><strong>Non</strong></span> <span class='ocrx_word' id='word_1_80' title='bbox 191 1495 336 1570; x_wconf 84' lang='lat' dir='ltr'><strong>deerant</strong></span> <span class='ocrx_word' id='word_1_81' title='bbox 367 1493 429 1570; x_wconf 94' lang='lat' dir='ltr'><strong>suo</strong></span> <span class='ocrx_word' id='word_1_82' title='bbox 463 1491 586 1573; x_wconf 89' lang='lat' dir='ltr'><strong>officio</strong></span> <span class='ocrx_word' id='word_1_83' title='bbox 616 1495 684 1576; x_wconf 89' lang='lat' dir='ltr'><strong>hac</strong></span> <span class='ocrx_word' id='word_1_84' title='bbox 714 1499 751 1572; x_wconf 89' lang='lat' dir='ltr'><strong>in</strong></span> <span class='ocrx_word' id='word_1_85' title='bbox 784 1521 822 1573; x_wconf 87' lang='lat' dir='ltr'><strong>re</strong></span> <span class='ocrx_word' id='word_1_86' title='bbox 848 1497 1024 1598; x_wconf 85' lang='lat' dir='ltr'><strong>episcopi:</strong></span> <span class='ocrx_word' id='word_1_87' title='bbox 1055 1522 1105 1579; x_wconf 80' lang='lat' dir='ltr'><strong>ex</strong></span> 
     </span>
     <span class='ocr_line' id='line_1_13' title="bbox 64 1603 1103 1712; baseline 0.008 -30"><span class='ocrx_word' id='word_1_88' title='bbox 64 1609 200 1709; x_wconf 86' lang='lat' dir='ltr'><strong>quibus</strong></span> <span class='ocrx_word' id='word_1_89' title='bbox 217 1603 410 1682; x_wconf 84' lang='lat' dir='ltr'><strong>Marcellus</strong></span> <span class='ocrx_word' id='word_1_90' title='bbox 434 1608 471 1682; x_wconf 94' lang='lat' dir='ltr'><strong>in</strong></span> <span class='ocrx_word' id='word_1_91' title='bbox 496 1606 616 1708; x_wconf 84' lang='lat' dir='ltr'><strong>Syria,</strong></span> <span class='ocrx_word' id='word_1_92' title='bbox 647 1631 732 1686; x_wconf 90' lang='lat' dir='ltr'><strong>cum</strong></span> <span class='ocrx_word' id='word_1_93' title='bbox 758 1608 983 1711; x_wconf 88' lang='lat' dir='ltr'><strong>splendidum</strong></span> <span class='ocrx_word' id='word_1_94' title='bbox 1008 1612 1103 1712; x_wconf 85' lang='lat' dir='ltr'><strong>Apa·</strong></span> 
     </span>
     <span class='ocr_line' id='line_1_14' title="bbox 65 1717 1105 1819; baseline 0.008 -25"><span class='ocrx_word' id='word_1_95' title='bbox 65 1741 158 1795; x_wconf 85' lang='lat' dir='ltr'><strong>meae</strong></span> <span class='ocrx_word' id='word_1_96' title='bbox 182 1717 357 1816; x_wconf 86' lang='lat' dir='ltr'><strong>tempium</strong></span> <span class='ocrx_word' id='word_1_97' title='bbox 384 1733 582 1805; x_wconf 86' lang='lat' dir='ltr'><strong>everteret,</strong></span> <span class='ocrx_word' id='word_1_98' title='bbox 615 1744 841 1819; x_wconf 87' lang='lat' dir='ltr'><strong>paganorum</strong></span> <span class='ocrx_word' id='word_1_99' title='bbox 863 1724 1041 1801; x_wconf 90' lang='lat' dir='ltr'><strong>concursu</strong></span> <span class='ocrx_word' id='word_1_100' title='bbox 1064 1727 1105 1802; x_wconf 87' lang='lat' dir='ltr'><strong>in</strong></span> 
     </span>
     <span class='ocr_line' id='line_1_15' title="bbox 63 1829 1105 1914; baseline 0.007 -7"><span class='ocrx_word' id='word_1_101' title='bbox 63 1829 173 1908; x_wconf 81' lang='lat' dir='ltr'><strong>frusta</strong></span> <span class='ocrx_word' id='word_1_102' title='bbox 204 1829 367 1906; x_wconf 80' lang='lat' dir='ltr'><strong>concisus</strong></span> <span class='ocrx_word' id='word_1_103' title='bbox 405 1829 464 1905; x_wconf 87' lang='lat' dir='ltr'><strong>est.</strong></span> <span class='ocrx_word' id='word_1_104' title='bbox 525 1829 672 1908; x_wconf 84' lang='lat' dir='ltr'><strong>Diutius</strong></span> <span class='ocrx_word' id='word_1_105' title='bbox 706 1833 846 1910; x_wconf 82' lang='lat' dir='ltr'><strong>steterat</strong></span> <span class='ocrx_word' id='word_1_106' title='bbox 880 1834 1105 1914; x_wconf 75' lang='lat' dir='ltr'><strong>Alexandriae</strong></span> 
     </span>
     <span class='ocr_line' id='line_1_16' title="bbox 65 1941 1105 2041; baseline 0.003 -22"><span class='ocrx_word' id='word_1_107' title='bbox 65 1942 208 2041; x_wconf 82' lang='lat' dir='ltr'><strong>Serapis</strong></span> <span class='ocrx_word' id='word_1_108' title='bbox 242 1941 440 2039; x_wconf 85' lang='lat' dir='ltr'><strong>templum,</strong></span> <span class='ocrx_word' id='word_1_109' title='bbox 473 1945 518 2017; x_wconf 86' lang='lat' dir='ltr'><strong>ita</strong></span> <span class='ocrx_word' id='word_1_110' title='bbox 547 1956 586 2018; x_wconf 93' lang='lat' dir='ltr'><strong>ut</strong></span> <span class='ocrx_word' id='word_1_111' title='bbox 615 1945 720 2020; x_wconf 87' lang='lat' dir='ltr'><strong>etiarn</strong></span> <span class='ocrx_word' id='word_1_112' title='bbox 747 1942 925 2021; x_wconf 86' lang='lat' dir='ltr'><strong>christiani</strong></span> <span class='ocrx_word' id='word_1_113' title='bbox 955 1945 1105 2022; x_wconf 86' lang='lat' dir='ltr'><strong>infama-</strong></span> 
     </span>
    </p>
   </div>
   <div class='ocr_carea' id='block_1_7' title="bbox 65 2050 1234 2151">
    <p class='ocr_par' dir='ltr' id='par_1_7' title="bbox 65 2050 1234 2151">
     <span class='ocr_line' id='line_1_17' title="bbox 65 2050 1234 2151; baseline -0.001 -20"><span class='ocrx_word' id='word_1_114' title='bbox 65 2071 214 2140; x_wconf 89' lang='lat' dir='ltr'><strong>rentur,</strong></span> <span class='ocrx_word' id='word_1_115' title='bbox 246 2050 329 2130; x_wconf 77' lang='lat' dir='ltr'><strong>acii</strong></span> <span class='ocrx_word' id='word_1_116' title='bbox 354 2055 427 2127; x_wconf 89' lang='lat' dir='ltr'><strong>eius</strong></span> <span class='ocrx_word' id='word_1_117' title='bbox 447 2052 624 2151; x_wconf 84' lang='lat' dir='ltr'><strong>religione</strong></span> <span class='ocrx_word' id='word_1_118' title='bbox 646 2068 855 2133; x_wconf 85' lang='lat' dir='ltr'><strong>tenerentur</strong></span> <span class='ocrx_word' id='word_1_119' title='bbox 873 2054 997 2134; x_wconf 85' lang='lat' dir='ltr'><strong>inolita</strong></span> <span class='ocrx_word' id='word_1_120' title='bbox 1018 2056 1106 2141; x_wconf 78' lang='lat' dir='ltr'><strong>salu,-</strong></span> <span class='ocrx_word' id='word_1_121' title='bbox 1198 2068 1199 2073; x_wconf 71' lang='lat'>&#39;</span> <span class='ocrx_word' id='word_1_122' title='bbox 1231 2096 1234 2102; x_wconf 58' lang='lat'>&lt;</span> 
     </span>
    </p>
   </div>
   <div class='ocr_carea' id='block_1_8' title="bbox 65 2164 1106 2492">
    <p class='ocr_par' dir='ltr' id='par_1_8' title="bbox 65 2164 1106 2492">
     <span class='ocr_line' id='line_1_18' title="bbox 65 2164 1106 2269; baseline 0.003 -25"><span class='ocrx_word' id='word_1_123' title='bbox 65 2169 153 2244; x_wconf 86' lang='lat' dir='ltr'><strong>taris</strong></span> <span class='ocrx_word' id='word_1_124' title='bbox 178 2165 252 2243; x_wconf 88' lang='lat' dir='ltr'><strong>Nili</strong></span> <span class='ocrx_word' id='word_1_125' title='bbox 277 2165 543 2263; x_wconf 82' lang='lat' dir='ltr'><strong>superstitione,</strong></span> <span class='ocrx_word' id='word_1_126' title='bbox 574 2189 645 2266; x_wconf 90' lang='lat' dir='ltr'><strong>qua</strong></span> <span class='ocrx_word' id='word_1_127' title='bbox 678 2168 835 2244; x_wconf 82' lang='lat' dir='ltr'><strong>irritatur</strong></span> <span class='ocrx_word' id='word_1_128' title='bbox 863 2164 1106 2269; x_wconf 84' lang='lat' dir='ltr'><strong>Theophyluu</strong></span> 
     </span>
     <span class='ocr_line' id='line_1_19' title="bbox 66 2273 1106 2381; baseline 0.006 -29"><span class='ocrx_word' id='word_1_129' title='bbox 66 2277 170 2357; x_wconf 78' lang='lat' dir='ltr'><strong>Alex.</strong></span> <span class='ocrx_word' id='word_1_130' title='bbox 193 2274 280 2356; x_wconf 88' lang='lat' dir='ltr'><strong>iliud</strong></span> <span class='ocrx_word' id='word_1_131' title='bbox 306 2273 494 2377; x_wconf 74' lang='lat' dir='ltr'><strong>obsidens,</strong></span> <span class='ocrx_word' id='word_1_132' title='bbox 525 2301 608 2354; x_wconf 89' lang='lat' dir='ltr'><strong>cum</strong></span> <span class='ocrx_word' id='word_1_133' title='bbox 634 2277 726 2355; x_wconf 90' lang='lat' dir='ltr'><strong>duce</strong></span> <span class='ocrx_word' id='word_1_134' title='bbox 745 2276 924 2380; x_wconf 83' lang='lat' dir='ltr'><strong>Olympio</strong></span> <span class='ocrx_word' id='word_1_135' title='bbox 943 2280 1106 2381; x_wconf 86' lang='lat' dir='ltr'><strong>philoso-</strong></span> 
     </span>
     <span class='ocr_line' id='line_1_20' title="bbox 67 2386 1106 2492; baseline 0.003 -27"><span class='ocrx_word' id='word_1_136' title='bbox 67 2391 148 2491; x_wconf 92' lang='lat' dir='ltr'><strong>pho</strong></span> <span class='ocrx_word' id='word_1_137' title='bbox 172 2386 349 2488; x_wconf 69' lang='lat' dir='ltr'><strong>Serapidis</strong></span> <span class='ocrx_word' id='word_1_138' title='bbox 378 2389 537 2466; x_wconf 85' lang='lat' dir='ltr'><strong>cultores</strong></span> <span class='ocrx_word' id='word_1_139' title='bbox 560 2389 648 2466; x_wconf 87' lang='lat' dir='ltr'><strong>iliud</strong></span> <span class='ocrx_word' id='word_1_140' title='bbox 672 2391 915 2478; x_wconf 89' lang='lat' dir='ltr'><strong>obvallarent,</strong></span> <span class='ocrx_word' id='word_1_141' title='bbox 947 2417 1106 2492; x_wconf 87' lang='lat' dir='ltr'><strong>occupa-</strong></span> 
     </span>
    </p>
   </div>
   <div class='ocr_carea' id='block_1_9' title="bbox 68 2500 1221 2583">
    <p class='ocr_par' dir='ltr' id='par_1_9' title="bbox 68 2500 1221 2583">
     <span class='ocr_line' id='line_1_21' title="bbox 68 2500 1221 2583; baseline 0.003 -4"><span class='ocrx_word' id='word_1_142' title='bbox 68 2518 150 2579; x_wconf 91' lang='lat' dir='ltr'><strong>tum</strong></span> <span class='ocrx_word' id='word_1_143' title='bbox 174 2501 336 2578; x_wconf 89' lang='lat' dir='ltr'><strong>funditus</strong></span> <span class='ocrx_word' id='word_1_144' title='bbox 363 2505 500 2576; x_wconf 86' lang='lat' dir='ltr'><strong>evertit.</strong></span> <span class='ocrx_word' id='word_1_145' title='bbox 562 2500 666 2580; x_wconf 85' lang='lat' dir='ltr'><strong>Circa</strong></span> <span class='ocrx_word' id='word_1_146' title='bbox 684 2503 807 2579; x_wconf 86' lang='lat' dir='ltr'><strong>eadem</strong></span> <span class='ocrx_word' id='word_1_147' title='bbox 828 2504 977 2580; x_wconf 83' lang='lat' dir='ltr'><strong>labentis</strong></span> <span class='ocrx_word' id='word_1_148' title='bbox 999 2504 1105 2583; x_wconf 91' lang='lat' dir='ltr'><strong>seculi</strong></span> <span class='ocrx_word' id='word_1_149' title='bbox 1219 2544 1221 2549; x_wconf 55' lang='lat'>&gt;</span> 
     </span>
    </p>
   </div>
   <div class='ocr_carea' id='block_1_10' title="bbox 67 2610 1145 3832">
    <p class='ocr_par' dir='ltr' id='par_1_10' title="bbox 67 2610 1145 3608">
     <span class='ocr_line' id='line_1_22' title="bbox 67 2610 1106 2712; baseline 0 -18"><span class='ocrx_word' id='word_1_150' title='bbox 67 2613 135 2694; x_wconf 93' lang='lat' dir='ltr'><strong>lV.</strong></span> <span class='ocrx_word' id='word_1_151' title='bbox 158 2627 323 2712; x_wconf 88' lang='lat' dir='ltr'><strong>tempora</strong></span> <span class='ocrx_word' id='word_1_152' title='bbox 345 2612 379 2689; x_wconf 87' lang='lat' dir='ltr'><strong>S.</strong></span> <span class='ocrx_word' id='word_1_153' title='bbox 403 2610 581 2691; x_wconf 87' lang='lat' dir='ltr'><strong>Martinus</strong></span> <span class='ocrx_word' id='word_1_154' title='bbox 598 2617 633 2689; x_wconf 91' lang='lat' dir='ltr'><strong>in</strong></span> <span class='ocrx_word' id='word_1_155' title='bbox 663 2613 776 2690; x_wconf 87' lang='lat' dir='ltr'><strong>Gallia</strong></span> <span class='ocrx_word' id='word_1_156' title='bbox 798 2614 954 2690; x_wconf 76' lang='lat' dir='ltr'><strong>similiter</strong></span> <span class='ocrx_word' id='word_1_157' title='bbox 981 2615 1106 2694; x_wconf 84' lang='lat' dir='ltr'><strong>sanum</strong></span> 
     </span>
     <span class='ocr_line' id='line_1_23' title="bbox 69 2725 1107 2823; baseline 0.001 -21"><span class='ocrx_word' id='word_1_158' title='bbox 69 2727 278 2810; x_wconf 88' lang='lat' dir='ltr'><strong>diruturus,</strong></span> <span class='ocrx_word' id='word_1_159' title='bbox 327 2725 517 2799; x_wconf 85' lang='lat' dir='ltr'><strong>antistitem</strong></span> <span class='ocrx_word' id='word_1_160' title='bbox 549 2739 788 2823; x_wconf 78' lang='lat' dir='ltr'><strong>caeteramque</strong></span> <span class='ocrx_word' id='word_1_161' title='bbox 806 2726 1000 2822; x_wconf 79' lang='lat' dir='ltr'><strong>gentilium</strong></span> <span class='ocrx_word' id='word_1_162' title='bbox 1029 2741 1107 2805; x_wconf 91' lang='lat' dir='ltr'><strong>tur-</strong></span> 
     </span>
     <span class='ocr_line' id='line_1_24' title="bbox 67 2834 1107 2935; baseline 0.002 -22"><span class='ocrx_word' id='word_1_163' title='bbox 67 2839 152 2913; x_wconf 89' lang='lat' dir='ltr'><strong>bam</strong></span> <span class='ocrx_word' id='word_1_164' title='bbox 204 2835 429 2912; x_wconf 83' lang='lat' dir='ltr'><strong>obsriientem</strong></span> <span class='ocrx_word' id='word_1_165' title='bbox 481 2838 641 2935; x_wconf 84' lang='lat' dir='ltr'><strong>primunr</strong></span> <span class='ocrx_word' id='word_1_166' title='bbox 690 2834 837 2911; x_wconf 87' lang='lat' dir='ltr'><strong>habuit:</strong></span> <span class='ocrx_word' id='word_1_167' title='bbox 884 2858 968 2913; x_wconf 89' lang='lat' dir='ltr'><strong>cum</strong></span> <span class='ocrx_word' id='word_1_168' title='bbox 1019 2840 1107 2915; x_wconf 82' lang='lat' dir='ltr'><strong>testo</strong></span> 
     </span>
     <span class='ocr_line' id='line_1_25' title="bbox 70 2948 1108 3046; baseline -0.003 -18"><span class='ocrx_word' id='word_1_169' title='bbox 70 2948 175 3045; x_wconf 86' lang='lat' dir='ltr'><strong>Sulp.</strong></span> <span class='ocrx_word' id='word_1_170' title='bbox 203 2949 336 3026; x_wconf 87' lang='lat' dir='ltr'><strong>Severo</strong></span> <span class='ocrx_word' id='word_1_171' title='bbox 363 2951 398 3022; x_wconf 95' lang='lat' dir='ltr'><strong>in</strong></span> <span class='ocrx_word' id='word_1_172' title='bbox 429 2950 504 3024; x_wconf 87' lang='lat' dir='ltr'><strong>eius</strong></span> <span class='ocrx_word' id='word_1_173' title='bbox 534 2948 604 3023; x_wconf 85' lang='lat' dir='ltr'><strong>vita</strong></span> <span class='ocrx_word' id='word_1_174' title='bbox 632 2970 663 3023; x_wconf 92' lang='lat' dir='ltr'><strong>c.</strong></span> <span class='ocrx_word' id='word_1_175' title='bbox 694 2967 754 3037; x_wconf 82' lang='lat'><strong>13.</strong></span> <span class='ocrx_word' id='word_1_176' title='bbox 784 3003 806 3040; x_wconf 90' lang='lat'>„</span> <span class='ocrx_word' id='word_1_177' title='bbox 825 2970 924 3046; x_wconf 85' lang='lat' dir='ltr'><strong>paene</strong></span> <span class='ocrx_word' id='word_1_178' title='bbox 953 2948 1042 3024; x_wconf 88' lang='lat' dir='ltr'><strong>nulii</strong></span> <span class='ocrx_word' id='word_1_179' title='bbox 1069 2952 1108 3025; x_wconf 91' lang='lat' dir='ltr'><strong>in</strong></span> 
     </span>
     <span class='ocr_line' id='line_1_26' title="bbox 70 3059 1108 3161; baseline 0.001 -24"><span class='ocrx_word' id='word_1_180' title='bbox 70 3117 95 3156; x_wconf 83' lang='lat'>„</span> <span class='ocrx_word' id='word_1_181' title='bbox 126 3061 193 3137; x_wconf 85' lang='lat' dir='ltr'><strong>iliis</strong></span> <span class='ocrx_word' id='word_1_182' title='bbox 212 3060 422 3158; x_wconf 86' lang='lat' dir='ltr'><strong>regionibus</strong></span> <span class='ocrx_word' id='word_1_183' title='bbox 442 3059 574 3137; x_wconf 83' lang='lat' dir='ltr'><strong>Christi</strong></span> <span class='ocrx_word' id='word_1_184' title='bbox 596 3083 732 3136; x_wconf 87' lang='lat' dir='ltr'><strong>nomen</strong></span> <span class='ocrx_word' id='word_1_185' title='bbox 752 3075 978 3159; x_wconf 86' lang='lat' dir='ltr'><strong>receperant:</strong></span> <span class='ocrx_word' id='word_1_186' title='bbox 1005 3060 1108 3161; x_wconf 91' lang='lat' dir='ltr'><strong>quod</strong></span> 
     </span>
     <span class='ocr_line' id='line_1_27' title="bbox 71 3170 1145 3272; baseline 0.003 -24"><span class='ocrx_word' id='word_1_187' title='bbox 71 3229 97 3267; x_wconf 84' lang='lat'><strong>‚,</strong></span> <span class='ocrx_word' id='word_1_188' title='bbox 127 3173 217 3250; x_wconf 87' lang='lat' dir='ltr'><strong>adeo</strong></span> <span class='ocrx_word' id='word_1_189' title='bbox 237 3170 405 3268; x_wconf 88' lang='lat' dir='ltr'><strong>(subdit)</strong></span> <span class='ocrx_word' id='word_1_190' title='bbox 422 3172 614 3249; x_wconf 89' lang='lat' dir='ltr'><strong>virtutibus</strong></span> <span class='ocrx_word' id='word_1_191' title='bbox 646 3171 739 3250; x_wconf 85' lang='lat' dir='ltr'><strong>iilius</strong></span> <span class='ocrx_word' id='word_1_192' title='bbox 761 3170 1003 3272; x_wconf 78' lang='lat' dir='ltr'><strong>exemploque</strong></span> <span class='ocrx_word' id='word_1_193' title='bbox 1019 3195 1110 3250; x_wconf 90' lang='lat' dir='ltr'><strong>con·</strong></span> <span class='ocrx_word' id='word_1_194' title='bbox 1137 3173 1145 3193; x_wconf 72' lang='lat'><strong>‘&#39;</strong></span> 
     </span>
     <span class='ocr_line' id='line_1_28' title="bbox 71 3280 1110 3382; baseline 0.004 -23"><span class='ocrx_word' id='word_1_195' title='bbox 71 3341 96 3378; x_wconf 89' lang='lat'>„</span> <span class='ocrx_word' id='word_1_196' title='bbox 116 3285 258 3371; x_wconf 78' lang='lat' dir='ltr'><strong>ualuit,</strong></span> <span class='ocrx_word' id='word_1_197' title='bbox 291 3289 421 3360; x_wconf 87' lang='lat' dir='ltr'><strong>utiam</strong></span> <span class='ocrx_word' id='word_1_198' title='bbox 445 3284 492 3358; x_wconf 88' lang='lat' dir='ltr'><strong>ibi</strong></span> <span class='ocrx_word' id='word_1_199' title='bbox 515 3283 637 3362; x_wconf 86' lang='lat' dir='ltr'><strong>nulius</strong></span> <span class='ocrx_word' id='word_1_200' title='bbox 657 3281 759 3362; x_wconf 80' lang='lat' dir='ltr'><strong>iocur</strong></span> <span class='ocrx_word' id='word_1_201' title='bbox 776 3280 838 3371; x_wconf 85' lang='lat' dir='ltr'><strong>fit,</strong></span> <span class='ocrx_word' id='word_1_202' title='bbox 870 3287 932 3382; x_wconf 90' lang='lat' dir='ltr'><strong>qui</strong></span> <span class='ocrx_word' id='word_1_203' title='bbox 954 3307 1029 3360; x_wconf 91' lang='lat' dir='ltr'><strong>non</strong></span> <span class='ocrx_word' id='word_1_204' title='bbox 1047 3297 1110 3363; x_wconf 87' lang='lat' dir='ltr'><strong>aut</strong></span> 
     </span>
     <span class='ocr_line' id='line_1_29' title="bbox 72 3393 1110 3496; baseline 0.003 -24"><span class='ocrx_word' id='word_1_205' title='bbox 72 3452 97 3490; x_wconf 85' lang='lat'><strong>‚,</strong></span> <span class='ocrx_word' id='word_1_206' title='bbox 127 3396 278 3473; x_wconf 78' lang='lat' dir='ltr'><strong>ecclesiis</strong></span> <span class='ocrx_word' id='word_1_207' title='bbox 308 3393 523 3496; x_wconf 81' lang='lat' dir='ltr'><strong>frequentiis</strong></span> <span class='ocrx_word' id='word_1_208' title='bbox 513 3398 619 3483; x_wconf 83' lang='lat' dir='ltr'><strong>mis</strong></span> <span class='ocrx_word' id='word_1_209' title='bbox 648 3410 711 3473; x_wconf 89' lang='lat' dir='ltr'><strong>aut</strong></span> <span class='ocrx_word' id='word_1_210' title='bbox 740 3395 960 3472; x_wconf 80' lang='lat' dir='ltr'><strong>monasteriis</strong></span> <span class='ocrx_word' id='word_1_211' title='bbox 991 3394 1031 3472; x_wconf 87' lang='lat' dir='ltr'><strong>iit</strong></span> <span class='ocrx_word' id='word_1_212' title='bbox 1050 3420 1110 3476; x_wconf 85' lang='lat' dir='ltr'><strong>re-</strong></span> 
     </span>
     <span class='ocr_line' id='line_1_30' title="bbox 73 3505 1109 3608; baseline 0.003 -25"><span class='ocrx_word' id='word_1_213' title='bbox 73 3564 99 3601; x_wconf 88' lang='lat'>„</span> <span class='ocrx_word' id='word_1_214' title='bbox 127 3509 256 3608; x_wconf 89' lang='lat' dir='ltr'><strong>pietus.</strong></span> <span class='ocrx_word' id='word_1_215' title='bbox 315 3507 411 3583; x_wconf 90' lang='lat' dir='ltr'><strong>Nam</strong></span> <span class='ocrx_word' id='word_1_216' title='bbox 440 3508 500 3583; x_wconf 94' lang='lat' dir='ltr'><strong>ubi</strong></span> <span class='ocrx_word' id='word_1_217' title='bbox 527 3505 607 3582; x_wconf 85' lang='lat' dir='ltr'><strong>sana</strong></span> <span class='ocrx_word' id='word_1_218' title='bbox 635 3505 873 3594; x_wconf 82' lang='lat' dir='ltr'><strong>destruxerat,</strong></span> <span class='ocrx_word' id='word_1_219' title='bbox 919 3507 1033 3584; x_wconf 89' lang='lat' dir='ltr'><strong>statim</strong></span> <span class='ocrx_word' id='word_1_220' title='bbox 1059 3511 1109 3586; x_wconf 93' lang='lat' dir='ltr'><strong>ibi</strong></span> 
     </span>
    </p>

    <p class='ocr_par' dir='ltr' id='par_1_11' title="bbox 73 3618 1111 3832">
     <span class='ocr_line' id='line_1_31' title="bbox 73 3618 1111 3712; baseline 0 -15"><span class='ocrx_word' id='word_1_221' title='bbox 73 3636 189 3712; x_wconf 86' lang='lat' dir='ltr'><strong>,aut</strong></span> <span class='ocrx_word' id='word_1_222' title='bbox 209 3618 367 3697; x_wconf 78' lang='lat' dir='ltr'><strong>ecclesias</strong></span> <span class='ocrx_word' id='word_1_223' title='bbox 389 3633 450 3693; x_wconf 89' lang='lat' dir='ltr'><strong>aut</strong></span> <span class='ocrx_word' id='word_1_224' title='bbox 472 3621 681 3695; x_wconf 86' lang='lat' dir='ltr'><strong>monasteria</strong></span> <span class='ocrx_word' id='word_1_225' title='bbox 705 3619 978 3710; x_wconf 51' lang='lat' dir='ltr'><strong>construebatw</strong></span> <span class='ocrx_word' id='word_1_226' title='bbox 1008 3619 1111 3699; x_wconf 85' lang='lat' dir='ltr'><strong>Con·</strong></span> 
     </span>
     <span class='ocr_line' id='line_1_32' title="bbox 73 3676 1108 3832; baseline 0.002 -26.004"><span class='ocrx_word' id='word_1_227' title='bbox 73 3676 140 3807; x_wconf 67' lang='lat' dir='ltr'><strong>frat</strong></span> <span class='ocrx_word' id='word_1_228' title='bbox 162 3755 208 3807; x_wconf 87' lang='lat' dir='ltr'><strong>ex</strong></span> <span class='ocrx_word' id='word_1_229' title='bbox 234 3731 268 3807; x_wconf 88' lang='lat' dir='ltr'>S</span> <span class='ocrx_word' id='word_1_230' title='bbox 287 3731 338 3807; x_wconf 92' lang='lat' dir='ltr'><strong>lo.</strong></span> <span class='ocrx_word' id='word_1_231' title='bbox 359 3728 606 3830; x_wconf 75' lang='lat' dir='ltr'><strong>chrysostomi</strong></span> <span class='ocrx_word' id='word_1_232' title='bbox 637 3730 791 3832; x_wconf 88' lang='lat' dir='ltr'><strong>epistolis</strong></span> <span class='ocrx_word' id='word_1_233' title='bbox 812 3729 883 3818; x_wconf 89' lang='lat' dir='ltr'><strong>u)</strong></span> <span class='ocrx_word' id='word_1_234' title='bbox 873 3754 911 3805; x_wconf 81' lang='lat' dir='ltr'><strong>tn</strong></span> <span class='ocrx_word' id='word_1_235' title='bbox 941 3727 1108 3818; x_wconf 82' lang='lat' dir='ltr'><strong>Oriente,</strong></span> 
     </span>
    </p>
   </div>
   <div class='ocr_carea' id='block_1_11' title="bbox 75 3839 1237 3948">
    <p class='ocr_par' dir='ltr' id='par_1_12' title="bbox 75 3839 1237 3948">
     <span class='ocr_line' id='line_1_33' title="bbox 75 3839 1237 3948; baseline 0 -26"><span class='ocrx_word' id='word_1_236' title='bbox 75 3841 226 3930; x_wconf 82' lang='lat' dir='ltr'><strong>Arabia,</strong></span> <span class='ocrx_word' id='word_1_237' title='bbox 276 3840 462 3920; x_wconf 85' lang='lat' dir='ltr'><strong>Phoenicia</strong></span> <span class='ocrx_word' id='word_1_238' title='bbox 490 3841 683 3943; x_wconf 75' lang='lat' dir='ltr'><strong>prasertim</strong></span> <span class='ocrx_word' id='word_1_239' title='bbox 715 3841 835 3948; x_wconf 86' lang='lat' dir='ltr'><strong>plures</strong></span> <span class='ocrx_word' id='word_1_240' title='bbox 863 3840 1030 3924; x_wconf 83' lang='lat' dir='ltr'><strong>adhucs</strong></span> <span class='ocrx_word' id='word_1_241' title='bbox 1011 3839 1111 3922; x_wconf 77' lang='lat' dir='ltr'><strong>fuisse</strong></span> <span class='ocrx_word' id='word_1_242' title='bbox 1234 3942 1237 3947; x_wconf 14' lang='grc' dir='ltr'>ι</span> 
     </span>
    </p>
   </div>
   <div class='ocr_carea' id='block_1_12' title="bbox 114 3952 1054 4173">
    <p class='ocr_par' dir='ltr' id='par_1_13' title="bbox 114 3952 1054 4173">
     <span class='ocr_line' id='line_1_34' title="bbox 523 3952 1054 4061; baseline -0.008 -24"><span class='ocrx_word' id='word_1_243' title='bbox 523 3952 552 4037; x_wconf 86' lang='grc' dir='ltr'>Ρ</span> <span class='ocrx_word' id='word_1_244' title='bbox 587 3973 605 4052; x_wconf 78' lang='lat'>5</span> <span class='ocrx_word' id='word_1_245' title='bbox 944 3977 1054 4061; x_wconf 82' lang='lat' dir='ltr'><strong>paga-</strong></span> 
     </span>
     <span class='ocr_line' id='line_1_35' title="bbox 114 4056 416 4173; baseline 0.007 -50"><span class='ocrx_word' id='word_1_246' title='bbox 114 4062 153 4173; x_wconf 67' lang='lat' dir='ltr'><strong>n)</strong></span> <span class='ocrx_word' id='word_1_247' title='bbox 173 4056 261 4143; x_wconf 77' lang='lat' dir='ltr'><strong>Epist.</strong></span> <span class='ocrx_word' id='word_1_248' title='bbox 288 4077 336 4140; x_wconf 70' lang='lat'><strong>53.</strong></span> <span class='ocrx_word' id='word_1_249' title='bbox 360 4060 416 4125; x_wconf 70' lang='lat' dir='ltr'><strong>&amp;o</strong></span> 
     </span>
    </p>
   </div>
   <div class='ocr_carea' id='block_1_13' title="bbox 0 0 1277 4958">
    <p class='ocr_par' dir='ltr' id='par_1_14' title="bbox 0 0 1277 4958">
     <span class='ocr_line' id='line_1_36' title="bbox 0 0 1277 4958; baseline 0 0"><span class='ocrx_word' id='word_1_250' title='bbox 0 0 1277 4958; x_wconf 95' lang='lat' dir='ltr'><strong> </strong></span> 
     </span>
    </p>
   </div>
  </div>
 </body>
</html>
