2506 4958
48 214 52 225 '
176 241 333 322 ‚regnum
361 213 489 310 cirilli
508 219 549 298 in
574 224 692 301 terris.
711 243 741 300 c.-
763 215 928 301 XXXII.
971 208 1079 320 '287

52 411 122 472 ceu
159 385 342 467 crudelem
370 379 512 460 bestiam
559 380 804 463 demulcentes
841 384 891 469 ob
923 359 1079 471 rabiem,

53 501 292 607 prestiterunt
323 515 411 573 tuno
451 499 642 597 imperium
673 497 834 584 tenenti,
888 498 1082 580 mandante

51 612 224 716 apostolo
248 609 483 711 prestiterunt
504 604 562 682 erlr
579 605 738 715 discolo,
769 608 890 685 omnia
910 608 1079 710 equidem

54 730 94 806 iu
128 720 254 800 scelera
276 719 447 818 profuso·
493 721 553 822 qui
590 706 727 818 ignaria
755 720 814 796 lua
842 736 878 797 et
918 720 1082 797 muliebri
1207 763 1213 773 -

46 836 221 916 mollitie
230 834 383 909 barbaris
406 829 526 906 locum
547 823 645 908 dedu
658 827 871 917 invadendi,
880 845 1083 931 occupata

57 950 200 1048 dique
192 946 333 1042 imperii
367 946 586 1042 provincias,
629 960 731 1040 capra
767 948 873 1019 etiam
911 942 1084 1021 aCoiroa

59 1053 241 1140 Persarum
267 1073 353 1151 rege
392 1056 479 1130 urbe
502 1049 857 1154 Hierosolymitana,
900 1053 944 1130 ub
969 1046 1085 1132 Hera

52 1168 135 1247 ulio
160 1167 304 1242 tandem
338 1184 396 1240 an
422 1167 514 1250 628,
546 1164 673 1262 insigni
708 1166 874 1253 violaria
924 1181 961 1242 et
985 1166 1085 1242 dein

56 1298 145 1379 ceps
169 1278 329 1378 pluribus
357 1270 483 1375 praeliis
501 1275 676 1374 prostrato
701 1293 738 1354 et
762 1271 952 1375 effugato
982 1300 1085 1354 com·

59 1389 254 1493 poloque
283 1404 318 1463 et
343 1380 470 1463 urbem
494 1403 530 1464 et
559 1386 596 1469 S
613 1407 757 1467 crucem
777 1384 952 1478 Domini,
974 1407 1083 1492 quam

57 1500 272 1588 abstulerat,
301 1498 498 1576 restituere

33 1774 35 1778 Α
149 1705 197 1791 At
217 1701 343 1788 dum
333 1719 462 1786 rtetum
486 1704 643 1815 negotiis
671 1702 857 1808 religionis
876 1702 910 1787 le
939 1701 1088 1791 miscent
1169 1781 1185 1795 r
1213 1762 1218 1772 ·

59 1823 326 1924 imperatores,
356 1835 463 1921 atque
489 1819 562 1935 ipse
583 1824 687 1896 etiam
711 1816 898 1900 Heraclius
923 1822 1087 1920 aSergio

48 1928 261 2040 „patriarcha
297 1929 460 2009 induiius
490 1919 538 2006 eli
567 1929 660 2017 edita
686 1924 861 2009 Euhefi
853 1955 889 2008 tn
923 1932 1087 2010 favorem

64 2041 393 2127 monothelitarum
407 2057 446 2118 et
466 2058 633 2119 errorem
642 2041 822 2140 insutum
852 2057 912 2119 aut
932 2039 1089 2121 diffimu

64 2150 238 2236 lationem
254 2155 373 2231 saltem
389 2155 545 2230 veritatis
561 2149 767 2240 catholiuae.
794 2154 831 2230 ln
849 2170 925 2229 eam
940 2153 1089 2254 quidem
1236 2200 1242 2209 ι

65 2265 102 2346 le
128 2267 260 2368 aCyto
284 2280 321 2342 et
335 2266 466 2363 Sergio
489 2241 695 2363 patriarchis
721 2260 875 2364 pertrahi
902 2262 1016 2364 pallus
1038 2265 1090 2342 est

63 2377 173 2457 etiam
212 2368 400 2454 Honorius
433 2367 494 2468 P.;
528 2391 682 2452 attamen
711 2391 799 2452 molt
826 2381 956 2453 iterum
984 2367 1091 2453 loun

64 2508 124 2567 tte.
143 2479 207 2567 lV
225 2483 426 2589 pontifice'
417 2506 452 2560 rn
472 2482 629 2562 concilio
645 2476 773 2564 Romae
793 2479 983 2586 apostolica
1004 2484 1091 2566 fideu

65 2596 205 2679 llrmuta
240 2599 308 2675 fuit
338 2608 467 2674 'contra
503 2588 789 2683 conciliabulum
822 2598 1089 2696 Cpolitanum,
1203 2646 1206 2653 ·

63 2706 313 2802 reiemetiam
327 2698 457 2785 linum
477 2698 653 2793 Heraclii,
683 2723 718 2784 et
742 2701 860 2806 polleo
880 2725 969 2834 typo
988 2709 1092 2786 Con

72 2822 226 2897 llantis
217 2838 303 2917 amp.
333 2844 407 2918 quo
425 2816 603 2893 silentium
632 2835 708 2893 nou
734 2817 961 2894 ferendum
953 2841 988 2892 m
1010 2843 1095 2916 pro·

69 2925 218 3010 temone
238 2928 319 3005 lidei
347 2931 397 3005 eli
427 2927 609 3004 indicium.
669 2922 768 3005 idem
796 2945 908 3029 porro
940 2921 1095 3006 loannet

71 3035 136 3122 tv,
163 3034 198 3119 t.
228 3038 323 3140 epist.
346 3042 389 3118 ad
417 3035 691 3119 Constantinum
712 3044 797 3137 imp.
828 3057 864 3116 et
883 3043 919 3114 in
944 3038 1093 3136 dialogo
1188 3102 1194 3109 ,,

67 3168 157 3230 cum
194 3144 362 3254 Pyrrho,
412 3164 519 3250 atque
545 3157 650 3227 etiam
690 3152 724 3229 S.
751 3150 933 3228 Maximus
961 3164 1096 3250 martyr

71 3262 179 3340 fidem
205 3257 365 3342 Hunutii
388 3255 424 3340 P.
451 3258 628 3338 luculenta
654 3254 824 3362 ‘apologia
858 3261 1097 3341 vindicarunt.

72 3369 182 3450 Unde
214 3378 335 3474 potuit
359 3370 477 3473 pollet
514 3372 548 3449 S.
579 3370 722 3470 Agatho
748 3373 784 3450 P.
815 3373 1038 3449 cuttfidentet
1059 3377 1102 3450 in.

73 3484 266 3566 Orientem
292 3481 337 3561 ud
360 3478 637 3562 Constantinum
656 3477 884 3582 pogonatum
904 3486 989 3582 imp.
1018 3484 1100 3561 serr.

73 3592 182 3684 bere,
202 3588 287 3672 tatia
307 3593 355 3673 D.
382 3591 476 3673 Petri
495 3599 700 3670 mentione:
732 3593 919 3697 Apostolico
944 3599 1012 3670 ritu
1037 3588 1099 3672 Ec.

74 3705 171 3792 cleda
204 3723 382 3802 nunquam
412 3707 696 3782 notaverimus
722 3707 760 3781 t'n
787 3703 939 3801 quolibet
965 3711 1099 3788 errarit

74 3828 179 3917 purte
201 3807 329 3912 deflexu
353 3806 419 3903 etta
449 3834 515 3892 nec
538 3808 594 3892 vel
621 3814 665 3892 ad
695 3831 923 3892 momentum
956 3821 1004 3893 ob
1022 3817 1100 3896 Ho-

77 3933 225 4011 notium
246 3925 460 4008 communio
480 3923 641 4010 Ecctefiae
661 3926 844 4008 catholicae
861 3952 944 4008 curu
968 3926 1101 4027 Roma,-
1240 3946 1244 3953 ·
