2512 4620
416 217 817 309 Pnnttrto.

102 381 145 471 itt
157 369 329 464 omnibus
337 372 532 489 frementes
534 375 687 489 sturme
698 374 796 478 fidei
802 434 818 475 ,
842 376 886 460 in
900 402 974 488 quo
991 372 1131 490 poffltis

102 492 229 579 omnia
249 493 326 575 tela
346 487 547 602 nequifflmi
567 491 679 599 ignea
703 489 948 598 extinguere:
976 506 1015 571 et
1025 492 1132 598 gale.

103 629 164 690 ott
181 604 324 709 salectis
343 601 537 712 affuerite,
570 621 610 686 et
626 599 798 717 gladium
811 598 1000 716 spiritus,
1033 599 1136 715 qued

102 709 331 827 tenerem
348 715 441 834 Dei.

183 891 286 981 Haec
311 889 409 982 sunt,
431 918 573 991 arma,
628 891 751 979 uibus
776 891 966 987 instructa
993 912 1133 979 contra

104 1002 277 1093 visibiles
304 1029 346 1090 et
380 1003 594 1094 invifibiles
648 1006 751 1090 ostes
783 1005 933 1094 invicta.
957 1001 1134 1093 decertat

100 1114 276 1219 Ecclesia
306 1116 508 1215 militans,
552 1142 728 1230 regnum
756 1114 904 1202 Christi
934 1116 977 1202 in
1006 1120 1136 1203 terris.-

104 1232 258 1341 Oportet
278 1229 378 1316 enlm
398 1229 503 1313 illum
525 1255 707 1338 regnare,
742 1225 857 1312 donec
873 1245 990 1338 ponet
1010 1254 1135 1313 omnes

99 1340 273 1435 inimices
283 1335 357 1447 sel
373 1336 530 1452 pedibus
547 1341 639 1429 eius.
654 1338 683 1425 l.
705 1338 803 1426 Cor.
816 1339 907 1426 XV.
930 1366 998 1444 25·
1054 1338 1135 1425 Po-

101 1449 348 1543 stremahaec
362 1449 677 1542 verbadesonrta
696 1451 786 1537 sunt
799 1475 850 1536 ex
861 1447 1015 1563 psalmo
1027 1449 1134 1539 CIX.

133 1589 233 1649 uern
258 1561 313 1649 de
332 1561 372 1647 se
398 1562 553 1648 dictum
577 1561 761 1650 Christus
789 1561 931 1650 ludaeis
962 1560 1137 1648 denton-

180 1676 240 1763 vit
264 1672 413 1761 Matth.
442 1673 565 1762 XXll.
594 1673 908 1763 existimantibus
926 1673 1133 1763 Christum

100 1784 237 1876 solunt
271 1783 556 1877 hominemex
586 1786 735 1872 semine
765 1783 897 1872 David
929 1782 1020 1872 esse.
1089 1784 1136 1873 ld

100 1895 220 2013 quod
241 1895 409 2018 quidem
434 1896 484 1982 de
508 1899 765 2013 generatione
793 1894 942 1983 Christi
973 1921 1055 1983 tent
1087 1924 1135 1981 o-

100 2006 176 2095 tali
205 2034 304 2097 mox
332 2011 453 2096 etiam
472 2007 701 2094 in'laudato
719 2002 725 2013 ’
732 2004 884 2120 psalmo
910 2004 973 2092 his
999 2027 1073 2097 ver
1102 2009 1135 2093 ir

102 2117 352 2232 explicatur:
399 2121 557 2229 Virgam
586 2119 749 2206 virtutis
772 2117 918 2203 emittet
945 2118 1135 2206 Dominus

101 2258 151 2319 ex
169 2231 290 2345 δέρης
309 2230 500 2316 dominare
514 2231 555 2316 in
570 2229 688 2315 medio
706 2229 940 2315 inimieorum
954 2249 1104 2318 tuorum
1112 2260 1136 2345 ,-

103 2368 150 2429 ut
174 2364 307 2428 tamen
334 2344 461 2431 statim
501 2346 649 2428 iterum
677 2340 813 2427 divina
839 2340 989 2430 Christi
1014 2345 1134 2455 origo

101 2479 146 2541 et
178 2457 360 2540 nativitas
397 2454 446 2539 ab
480 2479 630 2541 arterno
660 2481 711 2539 ex
739 2455 853 2540 Patre
884 2453 1131 2545 declaretur:

115 2560 259 2652 Tecum
267 2567 491 2677 principium
510 2568 550 2649 in
570 2565 631 2653 die
641 2568 805 2651 virtutis
830 2584 903 2649 tue
919 2568 959 2651 in
963 2566 1136 2682 splendo-

102 2677 211 2761 rt'lur
219 2679 458 2774 Sanctorum,
471 2705 517 2760 ex
532 2695 637 2762 utero
653 2697 739 2764 ante
748 2673 1069 2790 [aeffettmgenui
1084 2701 1133 2765 te.

103 2788 175 2874 Est
199 2788 277 2873 hoe
296 2788 409 2902 quod
426 2787 609 2874 Hebraeis
626 2815 677 2872 ex
692 2787 840 2874 eodem
858 2787 1010 2900 psalmo
1029 2790 1133 2876 ClX.

104 2898 219 2985 idem
241 2898 443 3014 apostolus
466 2899 799 3010 Hebr.l.13.ob
821 2899 966 2987 oculos
994 2905 1132 3014 ponit:

104 3011 299 3122 Aequent
317 3032 440 3099 eutem
458 3017 673 3121 angelorum
691 3011 790 3095 dixit
809 3011 1035 3126 aliquando:
1045 3009 1137 3121 sede

107 3157 131 3209 a
153 3122 300 3206 dextris
325 3128 419 3207 meir
434 3123 548 3208 donec
562 3145 697 3236 ponent
718 3124 885 3208 inimicos
899 3142 986 3206 tuor
994 3121 1135 3231 scabel-

107 3238 185 3321 lum
206 3233 342 3347 pea'um
366 3233 555 3324 tuorum?
590 3237 643 3322 Et
663 3236 798 3349 postea
818 3234 870 3322 de
892 3234 1053 3322 Christo
1076 3235 1136 3321 sa-

106 3345 273 3433 cerdote
294 3373 441 3459 agenS,
487 3349 683 3459 quianam
706 3349 956 3468 propeccatis
979 3344 1136 3452 offerens

108 3457 258 3562 hostiam
278 3470 319 3541 in
328 3457 595 3572 sempiternum
607 3454 715 3561 fidet
733 3462 774 3543 in
794 3456 932 3543 dextra
952 3461 1028 3544 Dei
1044 3462 1136 3546 iux-

108 3595 148 3658 ta
169 3569 366 3682 psalmum
390 3571 584 3658 eundem:
613 3572 676 3653 De
695 3589 848 3668 cetere,
879 3570 1037 3667 subdit,
1073 3599 1136 3655 ex-

100 3680 298 3794 spectant,
329 3681 443 3769 denec
456 3702 648 3792 ponantur
671 3684 813 3768 inimici
839 3684 920 3767 eius
936 3680 1136 3792 scabellum

105 3793 243 3911 pedum
265 3794 356 3877 elur.
413 3794 481 3878 Est
504 3794 581 3878 hoc
600 3794 885 3893 sacerdotium,
913 3794 1136 3879 secundum

109 3904 298 3997 ordinem
318 3902 636 4008 Melchisedech,
677 3905 729 3996 de
755 3933 841 4023 quo
868 3903 1043 4024 psalmus
1062 3933 1138 3993 no-

985 4019 1081 4108 ster:
