2506 4958
192 226 346 312 regnum
378 194 510 296 Chrilsi
527 209 571 285 in
594 200 757 289 ierr'hc.
788 198 933 295 XXIV.
1021 214 1107 313 193?
1166 302 1175 313 ,

58 376 154 469 dista
178 374 426 460 conveniunt.
467 374 514 449 ita
542 396 618 449 non
645 371 786 450 suntin
822 397 989 475 pugnum
1009 400 1103 460 cona
1220 417 1223 421 ·

57 490 233 571 trahenda
255 487 316 565 isla
350 501 518 585 tempora
548 485 725 584 postrema
761 485 982 577 Constantii,
1015 495 1099 592 qui.

58 606 148 689 boo,
186 600 277 680 dum
298 599 411 685 vixit.
443 612 510 699 pro
525 594 733 675 orthodoxa
753 594 824 675 side
840 599 1100 686 decertandum

57 714 130 798 fnit
150 711 185 792 S.
210 702 428 797 Athanaho.
457 706 681 810 Eccsehaque
712 708 865 787 militans
897 712 1099 811 gravissima

58 826 212 927 suscepit
247 817 460 899 enuntianda
494 821 624 921 praelia.
683 817 767 900 1³0st
800 839 959 901 mortem
993 826 1099 907 Coti·

60 939 207 1018 shotini
238 937 368 1035 patris.
399 934 592 1032 imperium
624 956 711 1010 nece
741 932 1099 1035 consanguineorum

59 1050 261 1150 auspicatus
284 1045 538 1129 Constantius,
581 1042 685 1122 facile
710 1047 815 1123 etiam
845 1048 1097 1132 conscelerati·

60 1184 188 1242 autem
207 1159 383 1263 praebuit,
413 1157 457 1233 ab
479 1153 632 1235 Eusebio
657 1156 875 1236 Arianotum
898 1158 1099 1262 antesigna·
1213 1226 1218 1235 .

64 1298 134 1361 oo,
177 1275 246 1349 iam
283 1272 321 1345 in
345 1267 462 1345 sedem
495 1266 728 1367 Cpolitanam
762 1269 900 1348 intruso
930 1274 1100 1356 incitato·

63 1399 192 1467 contra
222 1381 259 1461 S.
289 1376 531 1459 Athanasium
590 1376 666 1457 Vix
694 1380 723 1458 is
755 1378 905 1460 Paulum
932 1382 1100 1486 cpolin.

64 1520 155 1579 oum
179 1494 260 1573 sede
287 1493 563 1578 deturbaverat,
594 1513 679 1569 cum
701 1490 854 1570 fassione
880 1493 939 1575 sua
967 1497 1101 1584 Ariana

62 1612 174 1689 etiam
217 1610 255 1684 in
270 1603 569 1683 'Alexandrinam
616 1602 650 1681 S.
681 1602 860 1682 Athanasii
888 1605 1004 1687 sedem
1042 1609 1102 1691 ΡΙ.

64 1725 161 1802 sium
186 1721 343 1818 primum
370 1711 530 1803 intrusit,
559 1714 709 1802 deinde,
740 1714 894 1795 Eusebio
917 1716 1101 1806 Emisseno

64 1832 305 1916 detrectante,
350 1826 582 1926 Gregoriunn
643 1825 677 1904 S.
707 1826 912 1907 Athanasius
932 1852 1019 1910 vero
1043 1838 1102 1913 in..¹

65 1963 122 2025 ter
154 1940 380 2023 truculentos
415 1940 622 2040 impiosque
663 1958 786 2015 mutua
816 1939 885 2018 sese
921 1947 1102 2046 proripit.'

63 2056 360 2159 cocytiicaanque
383 2048 542 2130 Romam
572 2051 801 2139 transmittit,
849 2067 958 2154 atque
990 2060 1102 2141 etiam

66 2168 225 2249 intrusus
252 2163 456 2264 Gregorius
483 2175 663 2240 oratores:
702 2159 762 2239 sed
789 2162 824 2241 S.
855 2164 1032 2245 Athanasii
1060 2173 1103 2251 in

66 2281 209 2383 synodo
231 2274 396 2356 Romana
422 2275 627 2351 innocentia
657 2278 779 2373 agnita
802 2274 891 2365 fnit,
923 2279 1021 2381 isque
1045 2302 1103 2359 re»

67 2395 211 2471 stitutus
242 2411 326 2467 cum
352 2387 427 2464 aliis
455 2383 630 2464 exulibus
657 2388 694 2462 io
719 2386 859 2487 synodo
888 2394 994 2468 etiam
1018 2391 1103 2473 siso-

66 2499 267 2584 diosanenh
292 2517 327 2577 et
355 2496 572 2578 sardicens:
601 2499 795 2600 Ariaoique
819 2502 976 2602 episcopi
1001 2503 1104 2585 dama·

67 2618 169 2704 nati,
200 2610 305 2689 missis
329 2610 374 2689 ad
403 2610 657 2690 Constantium
686 2608 813 2711 synodi
846 2617 995 2691 nomine
1020 2640 1104 2697 oran

68 2729 212 2807 toribus
226 2748 240 2815 ς
269 2728 331 2826 qui
357 2725 574 2800 etiamtunc
598 2723 778 2798 revocavit
801 2723 946 2813 exules,
993 2726 1104 2807 Atha.

68 2837 279 2938 nasumque
299 2836 343 2912 ad
362 2836 579 2914 audientiam
603 2831 760 2918 admifit,
791 2847 827 2909 et
856 2837 891 2911 in
919 2838 994 2917 eius
1018 2863 1104 2938 gra.

70 2956 158 3031 tiam
184 2946 369 3049 epistolam
385 2947 430 3024 ad
452 2945 639 3048 episcopos
660 2958 696 3020 et
721 2945 955 3047 presbyteros·
981 2948 1105 3049 dediti

72 3064 129 3141 sed
157 3061 373 3139 Asianorum
394 3061 522 3135 iterum
547 3056 732 3135 calumniis
762 3074 962 3157 praventus
984 3063 1104 3142 musto

71 3198 181 3277 quam
211 3187 312 3247 antea
347 3172 460 3268 magis
485 3171 522 3244 in
547 3169 702 3245 santium
732 3172 849 3246 virum
880 3170 1106 3276 sontiumque
1174 3244 1180 3255 .

72 3282 262 3364 Ecciefiam
291 3280 506 3360 catholicam
530 3281 637 3357 furit:
670 3304 731 3381 per
754 3285 828 3357 vim
848 3287 992 3373 omnia,
1023 3299 1106 3369 tuos

72 3395 313 3481 inconcusso,
343 3409 421 3472 tum
445 3394 606 3494 privatim
632 3413 815 3469 acconam
839 3404 953 3474 tentat
970 3396 1108 3498 episcoo

74 3533 161 3609 pos,
194 3521 235 3583 ut
261 3523 386 3584 contra
411 3506 445 3581 Sa
474 3499 700 3582 Athanasium
734 3503 940 3606 suffragium
964 3507 1105 3602 ferant.

73 3615 376 3721 detresiaotesque
397 3617 432 3691 in
457 3615 607 3692 exilium
631 3618 751 3693 mittit.
800 3614 880 3695 Hos
905 3618 1030 3699 sittetis
1049 3621 1108 3703 soa

73 3730 169 3809 satur
197 3727 418 3808 consessores
446 3720 611 3805 Liberius
640 3716 712 3821 P.;
759 3750 870 3829 quem
900 3753 986 3808 vero
1015 3746 1108 3815 uta

75 3840 267 3944 propohto
293 3841 495 3932 dimoveat,
535 3837 624 3916 nihil
649 3862 730 3918 non
754 3843 830 3943 ugit
852 3840 1109 3939 Constantius.

75 4028 188 4117 Tou.
213 4032 241 4116 s.
592 4028 632 4117 N
695 4098 726 4173 5·
1006 4032 1056 4139 td
