<?xml version="1.0" encoding="UTF-8"?>
<!DOCTYPE html PUBLIC "-//W3C//DTD XHTML 1.0 Transitional//EN"
    "http://www.w3.org/TR/xhtml1/DTD/xhtml1-transitional.dtd">
<html xmlns="http://www.w3.org/1999/xhtml" xml:lang="en" lang="en">
 <head>
  <title>
</title>
<meta http-equiv="Content-Type" content="text/html;charset=utf-8" />
  <meta name='ocr-system' content='tesseract 3.04.00' />
  <meta name='ocr-capabilities' content='ocr_page ocr_carea ocr_par ocr_line ocrx_word'/>
</head>
<body>
  <div class='ocr_page' id='page_1' title='image "./ecclesiamilitan01gerbgoog_0252.png"; bbox 0 0 2506 4958; ppageno 0'>
   <div class='ocr_carea' id='block_1_1' title="bbox 191 211 1102 319">
    <p class='ocr_par' dir='ltr' id='par_1_1' title="bbox 191 211 1102 319">
     <span class='ocr_line' id='line_1_1' title="bbox 191 211 1102 319; baseline 0.002 -18"><span class='ocrx_word' id='word_1_1' title='bbox 191 236 344 319; x_wconf 78' lang='lat' dir='ltr'>regnum</span> <span class='ocrx_word' id='word_1_2' title='bbox 378 211 508 307; x_wconf 73' lang='lat' dir='ltr'>Clarilli</span> <span class='ocrx_word' id='word_1_3' title='bbox 528 216 569 294; x_wconf 85' lang='lat' dir='ltr'>in</span> <span class='ocrx_word' id='word_1_4' title='bbox 594 218 704 296; x_wconf 80' lang='lat' dir='ltr'>terris</span> <span class='ocrx_word' id='word_1_5' title='bbox 729 238 757 296; x_wconf 83' lang='lat' dir='ltr'>e.</span> <span class='ocrx_word' id='word_1_6' title='bbox 788 216 953 301; x_wconf 82' lang='lat' dir='ltr'><em>XXVII.</em></span> <span class='ocrx_word' id='word_1_7' title='bbox 1001 243 1102 318; x_wconf 77' lang='lat'>‚229</span> 
     </span>
    </p>
   </div>
   <div class='ocr_carea' id='block_1_2' title="bbox 60 379 1240 485">
    <p class='ocr_par' dir='ltr' id='par_1_2' title="bbox 60 379 1240 485">
     <span class='ocr_line' id='line_1_2' title="bbox 60 379 1240 485; baseline -0.004 -23"><span class='ocrx_word' id='word_1_8' title='bbox 60 431 86 482; x_wconf 61' lang='lat'>0</span> <span class='ocrx_word' id='word_1_9' title='bbox 114 384 287 485; x_wconf 84' lang='lat' dir='ltr'>byteros,</span> <span class='ocrx_word' id='word_1_10' title='bbox 318 394 427 482; x_wconf 91' lang='lat' dir='ltr'>atque</span> <span class='ocrx_word' id='word_1_11' title='bbox 456 379 808 481; x_wconf 65' lang='lat' dir='ltr'>comprophetas,</span> <span class='ocrx_word' id='word_1_12' title='bbox 836 398 873 462; x_wconf 92' lang='lat' dir='ltr'>et</span> <span class='ocrx_word' id='word_1_13' title='bbox 894 385 1100 485; x_wconf 81' lang='lat' dir='ltr'>apostolos.</span> <span class='ocrx_word' id='word_1_14' title='bbox 1235 446 1240 457; x_wconf 89' lang='grc'><strong><em>,</em></strong></span> 
     </span>
    </p>
   </div>
   <div class='ocr_carea' id='block_1_3' title="bbox 58 491 1100 596">
    <p class='ocr_par' dir='ltr' id='par_1_3' title="bbox 58 491 1100 596">
     <span class='ocr_line' id='line_1_3' title="bbox 58 491 1100 596; baseline 0 -19"><span class='ocrx_word' id='word_1_15' title='bbox 58 551 86 594; x_wconf 82' lang='lat'>„</span> <span class='ocrx_word' id='word_1_16' title='bbox 117 495 376 593; x_wconf 84' lang='lat' dir='ltr'>Christumque</span> <span class='ocrx_word' id='word_1_17' title='bbox 415 493 507 570; x_wconf 89' lang='lat' dir='ltr'>adeo</span> <span class='ocrx_word' id='word_1_18' title='bbox 527 491 640 592; x_wconf 84' lang='lat' dir='ltr'>ipsum</span> <span class='ocrx_word' id='word_1_19' title='bbox 675 495 833 573; x_wconf 69' lang='lat' dir='ltr'>coniedla</span> <span class='ocrx_word' id='word_1_20' title='bbox 867 498 1100 596; x_wconf 80' lang='lat' dir='ltr'>pro&#39;deliciie</span> 
     </span>
    </p>
   </div>
   <div class='ocr_carea' id='block_1_4' title="bbox 57 600 1240 721">
    <p class='ocr_par' dir='ltr' id='par_1_4' title="bbox 57 600 1240 721">
     <span class='ocr_line' id='line_1_4' title="bbox 57 600 1240 721; baseline 0.003 -34"><span class='ocrx_word' id='word_1_21' title='bbox 57 667 84 705; x_wconf 79' lang='lat'>„</span> <span class='ocrx_word' id='word_1_22' title='bbox 115 600 317 687; x_wconf 58' lang='lat' dir='ltr'>habebunt(</span> <span class='ocrx_word' id='word_1_23' title='bbox 370 603 458 681; x_wconf 89' lang='lat' dir='ltr'>Non</span> <span class='ocrx_word' id='word_1_24' title='bbox 492 609 560 681; x_wconf 86' lang='lat' dir='ltr'>iam</span> <span class='ocrx_word' id='word_1_25' title='bbox 588 604 773 682; x_wconf 84' lang='lat' dir='ltr'>adversum</span> <span class='ocrx_word' id='word_1_26' title='bbox 816 631 885 686; x_wconf 88' lang='lat' dir='ltr'>nos</span> <span class='ocrx_word' id='word_1_27' title='bbox 917 608 1025 688; x_wconf 80' lang='lat' dir='ltr'>felioc</span> <span class='ocrx_word' id='word_1_28' title='bbox 1056 634 1101 690; x_wconf 87' lang='lat' dir='ltr'>ac</span> <span class='ocrx_word' id='word_1_29' title='bbox 1226 692 1240 721; x_wconf 39' lang='grc' dir='ltr'><em>Ι</em></span> 
     </span>
    </p>
   </div>
   <div class='ocr_carea' id='block_1_5' title="bbox 59 716 1100 817">
    <p class='ocr_par' dir='ltr' id='par_1_5' title="bbox 59 716 1100 817">
     <span class='ocr_line' id='line_1_5' title="bbox 59 716 1100 817; baseline 0.005 -21"><span class='ocrx_word' id='word_1_30' title='bbox 59 778 85 817; x_wconf 84' lang='grc'>,,</span> <span class='ocrx_word' id='word_1_31' title='bbox 114 719 216 798; x_wconf 77' lang='lat' dir='ltr'>laetos</span> <span class='ocrx_word' id='word_1_32' title='bbox 246 716 320 795; x_wconf 88' lang='lat' dir='ltr'>dies</span> <span class='ocrx_word' id='word_1_33' title='bbox 345 735 474 816; x_wconf 88' lang='lat' dir='ltr'>agent,</span> <span class='ocrx_word' id='word_1_34' title='bbox 506 717 596 815; x_wconf 85' lang='lat' dir='ltr'>legis</span> <span class='ocrx_word' id='word_1_35' title='bbox 610 716 800 797; x_wconf 78' lang='lat' dir='ltr'>interdido</span> <span class='ocrx_word' id='word_1_36' title='bbox 828 721 872 796; x_wconf 89' lang='lat' dir='ltr'>ab</span> <span class='ocrx_word' id='word_1_37' title='bbox 900 721 1100 801; x_wconf 84' lang='lat' dir='ltr'>adulterina</span> 
     </span>
    </p>
   </div>
   <div class='ocr_carea' id='block_1_6' title="bbox 61 828 1222 934">
    <p class='ocr_par' dir='ltr' id='par_1_6' title="bbox 61 828 1222 934">
     <span class='ocr_line' id='line_1_6' title="bbox 61 828 1222 934; baseline -0.014 -23"><span class='ocrx_word' id='word_1_38' title='bbox 61 891 85 929; x_wconf 85' lang='lat'>,‚</span> <span class='ocrx_word' id='word_1_39' title='bbox 105 832 278 927; x_wconf 65' lang='lat' dir='ltr'>„dodrina</span> <span class='ocrx_word' id='word_1_40' title='bbox 300 850 367 905; x_wconf 88' lang='lat' dir='ltr'>nos</span> <span class='ocrx_word' id='word_1_41' title='bbox 385 828 619 906; x_wconf 82' lang='lat' dir='ltr'>excludentes</span> <span class='ocrx_word' id='word_1_42' title='bbox 636 884 647 913; x_wconf 87' lang='lat'><strong>‚</strong></span> <span class='ocrx_word' id='word_1_43' title='bbox 679 832 828 928; x_wconf 85' lang='lat' dir='ltr'>perinde</span> <span class='ocrx_word' id='word_1_44' title='bbox 843 850 950 934; x_wconf 85' lang='lat' dir='ltr'>atque</span> <span class='ocrx_word' id='word_1_45' title='bbox 973 835 1114 913; x_wconf 79' lang='lat' dir='ltr'>eadem.</span> <span class='ocrx_word' id='word_1_46' title='bbox 1212 884 1222 895; x_wconf 87' lang='lat'>.</span> 
     </span>
    </p>
   </div>
   <div class='ocr_carea' id='block_1_7' title="bbox 59 942 1178 1591">
    <p class='ocr_par' dir='ltr' id='par_1_7' title="bbox 59 942 1178 1584">
     <span class='ocr_line' id='line_1_7' title="bbox 62 942 1177 1051; baseline 0.004 -30"><span class='ocrx_word' id='word_1_47' title='bbox 62 1002 88 1041; x_wconf 87' lang='lat'>„</span> <span class='ocrx_word' id='word_1_48' title='bbox 117 968 226 1045; x_wconf 90' lang='lat' dir='ltr'>opera</span> <span class='ocrx_word' id='word_1_49' title='bbox 241 942 383 1038; x_wconf 83' lang='lat' dir='ltr'>linguas</span> <span class='ocrx_word' id='word_1_50' title='bbox 398 965 548 1047; x_wconf 89' lang='lat' dir='ltr'>quoque</span> <span class='ocrx_word' id='word_1_51' title='bbox 566 942 700 1019; x_wconf 83' lang='lat' dir='ltr'>nollras</span> <span class='ocrx_word' id='word_1_52' title='bbox 714 943 937 1023; x_wconf 79' lang='lat' dir='ltr'>obstrodori.</span> <span class='ocrx_word' id='word_1_53' title='bbox 968 1002 990 1037; x_wconf 86' lang='lat'>„</span> <span class='ocrx_word' id='word_1_54' title='bbox 1012 944 1117 1026; x_wconf 66' lang='lat' dir='ltr'>Hac·</span> <span class='ocrx_word' id='word_1_55' title='bbox 1172 1030 1177 1051; x_wconf 62' lang='grc'>,</span> 
     </span>
     <span class='ocr_line' id='line_1_8' title="bbox 63 1053 1099 1156; baseline -0.001 -19"><span class='ocrx_word' id='word_1_56' title='bbox 63 1053 476 1156; x_wconf 78' lang='lat' dir='ltr'>Gregorius&#39;Nazianz.</span> <span class='ocrx_word' id='word_1_57' title='bbox 507 1054 622 1130; x_wconf 92' lang='lat' dir='ltr'>altero</span> <span class='ocrx_word' id='word_1_58' title='bbox 660 1054 740 1154; x_wconf 89' lang='lat' dir='ltr'>post</span> <span class='ocrx_word' id='word_1_59' title='bbox 781 1072 937 1135; x_wconf 87' lang='lat' dir='ltr'>mortem</span> <span class='ocrx_word' id='word_1_60' title='bbox 973 1056 1099 1136; x_wconf 88' lang='lat' dir='ltr'>loliani</span> 
     </span>
     <span class='ocr_line' id='line_1_9' title="bbox 60 1162 1100 1268; baseline -0.002 -21"><span class='ocrx_word' id='word_1_61' title='bbox 60 1194 161 1248; x_wconf 89' lang='lat' dir='ltr'>anno</span> <span class='ocrx_word' id='word_1_62' title='bbox 183 1179 272 1268; x_wconf 84' lang='lat'>364.</span> <span class='ocrx_word' id='word_1_63' title='bbox 304 1188 378 1265; x_wconf 91' lang='lat' dir='ltr'>quo</span> <span class='ocrx_word' id='word_1_64' title='bbox 395 1165 525 1242; x_wconf 87' lang='lat' dir='ltr'>eodem</span> <span class='ocrx_word' id='word_1_65' title='bbox 557 1162 936 1247; x_wconf 83' lang='lat' dir='ltr'>asoccelloribuseius</span> <span class='ocrx_word' id='word_1_66' title='bbox 952 1171 1100 1248; x_wconf 70' lang='lat' dir='ltr'>nodut-</span> 
     </span>
     <span class='ocr_line' id='line_1_10' title="bbox 61 1276 1101 1406; baseline -0.002 -47"><span class='ocrx_word' id='word_1_67' title='bbox 61 1304 199 1360; x_wconf 87' lang='lat' dir='ltr'>norum</span> <span class='ocrx_word' id='word_1_68' title='bbox 229 1296 438 1377; x_wconf 90' lang='lat' dir='ltr'>temporum</span> <span class='ocrx_word' id='word_1_69' title='bbox 464 1276 604 1354; x_wconf 84' lang='lat' dir='ltr'>nefariae</span> <span class='ocrx_word' id='word_1_70' title='bbox 633 1299 780 1406; x_wconf 81' lang='lat' dir='ltr'>preces,</span> <span class='ocrx_word' id='word_1_71' title='bbox 808 1296 870 1357; x_wconf 88' lang='lat' dir='ltr'>aot</span> <span class='ocrx_word' id='word_1_72' title='bbox 890 1284 1019 1378; x_wconf 82' lang='lat' dir='ltr'>magici</span> <span class='ocrx_word' id='word_1_73' title='bbox 1037 1306 1101 1380; x_wconf 84' lang='lat' dir='ltr'>ap-</span> 
     </span>
     <span class='ocr_line' id='line_1_11' title="bbox 61 1388 1178 1519; baseline 0.002 -50"><span class='ocrx_word' id='word_1_74' title='bbox 61 1407 228 1496; x_wconf 84' lang='lat' dir='ltr'>paratos,</span> <span class='ocrx_word' id='word_1_75' title='bbox 259 1392 514 1489; x_wconf 87' lang='lat' dir='ltr'>quibusquam</span> <span class='ocrx_word' id='word_1_76' title='bbox 548 1391 706 1467; x_wconf 85' lang='lat' dir='ltr'>maxime</span> <span class='ocrx_word' id='word_1_77' title='bbox 729 1388 888 1473; x_wconf 72' lang='lat' dir='ltr'>addldus</span> <span class='ocrx_word' id='word_1_78' title='bbox 908 1410 983 1519; x_wconf 77' lang='lat' dir='ltr'>erat</span> <span class='ocrx_word' id='word_1_79' title='bbox 1011 1390 1102 1473; x_wconf 85' lang='lat' dir='ltr'>lali·</span> <span class='ocrx_word' id='word_1_80' title='bbox 1174 1428 1178 1435; x_wconf 92' lang='lat'>·</span> 
     </span>
     <span class='ocr_line' id='line_1_12' title="bbox 59 1499 685 1591; baseline -0.006 -7"><span class='ocrx_word' id='word_1_81' title='bbox 59 1528 175 1591; x_wconf 84' lang='lat' dir='ltr'>anus.</span> <span class='ocrx_word' id='word_1_82' title='bbox 201 1516 268 1579; x_wconf 89' lang='lat' dir='ltr'>aut</span> <span class='ocrx_word' id='word_1_83' title='bbox 290 1499 452 1578; x_wconf 87' lang='lat' dir='ltr'>sacrificia</span> <span class='ocrx_word' id='word_1_84' title='bbox 469 1500 550 1580; x_wconf 88' lang='lat' dir='ltr'>lunt</span> <span class='ocrx_word' id='word_1_85' title='bbox 570 1503 685 1580; x_wconf 86' lang='lat' dir='ltr'>vetita.</span> 
     </span>
    </p>
   </div>
   <div class='ocr_carea' id='block_1_8' title="bbox 60 1662 1214 2103">
    <p class='ocr_par' dir='ltr' id='par_1_8' title="bbox 60 1662 1214 2103">
     <span class='ocr_line' id='line_1_13' title="bbox 121 1662 1214 1766; baseline 0.004 -22"><span class='ocrx_word' id='word_1_86' title='bbox 121 1665 314 1744; x_wconf 83' lang='lat' dir='ltr'>Sacrorum</span> <span class='ocrx_word' id='word_1_87' title='bbox 336 1662 610 1743; x_wconf 87' lang='lat' dir='ltr'>christianorum</span> <span class='ocrx_word' id='word_1_88' title='bbox 632 1664 795 1766; x_wconf 79' lang='lat' dir='ltr'>presules</span> <span class='ocrx_word' id='word_1_89' title='bbox 815 1668 1020 1747; x_wconf 81' lang='lat' dir='ltr'>exterrebat</span> <span class='ocrx_word' id='word_1_90' title='bbox 1043 1693 1100 1749; x_wconf 87' lang='lat' dir='ltr'>re·</span> <span class='ocrx_word' id='word_1_91' title='bbox 1211 1674 1214 1679; x_wconf 82' lang='grc'><strong>’</strong></span> 
     </span>
     <span class='ocr_line' id='line_1_14' title="bbox 60 1774 1201 1880; baseline -0.002 -21"><span class='ocrx_word' id='word_1_92' title='bbox 60 1802 150 1859; x_wconf 87' lang='lat' dir='ltr'>cens</span> <span class='ocrx_word' id='word_1_93' title='bbox 168 1777 360 1854; x_wconf 75' lang='lat' dir='ltr'>christiana</span> <span class='ocrx_word' id='word_1_94' title='bbox 384 1776 569 1876; x_wconf 87' lang='lat' dir='ltr'>religionis</span> <span class='ocrx_word' id='word_1_95' title='bbox 597 1778 798 1877; x_wconf 89' lang='lat' dir='ltr'>periculum</span> <span class='ocrx_word' id='word_1_96' title='bbox 817 1804 837 1857; x_wconf 85' lang='lat' dir='ltr'>a</span> <span class='ocrx_word' id='word_1_97' title='bbox 853 1781 992 1858; x_wconf 89' lang='lat' dir='ltr'>loliano</span> <span class='ocrx_word' id='word_1_98' title='bbox 1010 1774 1103 1880; x_wconf 77' lang='lat' dir='ltr'>apo-</span> <span class='ocrx_word' id='word_1_99' title='bbox 1194 1816 1201 1823; x_wconf 95' lang='lat'>·</span> 
     </span>
     <span class='ocr_line' id='line_1_15' title="bbox 62 1888 1101 1989; baseline -0.001 -18"><span class='ocrx_word' id='word_1_100' title='bbox 62 1890 174 1977; x_wconf 87' lang='lat' dir='ltr'>stata,</span> <span class='ocrx_word' id='word_1_101' title='bbox 208 1908 248 1966; x_wconf 92' lang='lat' dir='ltr'>ut</span> <span class='ocrx_word' id='word_1_102' title='bbox 277 1905 404 1967; x_wconf 86' lang='lat' dir='ltr'>cautos</span> <span class='ocrx_word' id='word_1_103' title='bbox 429 1888 776 1989; x_wconf 76' lang='lat' dir='ltr'>circumspedosque</span> <span class='ocrx_word' id='word_1_104' title='bbox 796 1891 987 1970; x_wconf 84' lang='lat' dir='ltr'>redderent</span> <span class='ocrx_word' id='word_1_105' title='bbox 1005 1893 1101 1970; x_wconf 88' lang='lat' dir='ltr'>cbri-</span> 
     </span>
     <span class='ocr_line' id='line_1_16' title="bbox 62 2000 1115 2103; baseline -0.011 -21"><span class='ocrx_word' id='word_1_106' title='bbox 62 2004 199 2082; x_wconf 86' lang='lat' dir='ltr'>stianos</span> <span class='ocrx_word' id='word_1_107' title='bbox 225 2002 426 2099; x_wconf 85' lang='lat' dir='ltr'>principes3</span> <span class='ocrx_word' id='word_1_108' title='bbox 445 2002 509 2100; x_wconf 92' lang='lat' dir='ltr'>qui</span> <span class='ocrx_word' id='word_1_109' title='bbox 532 2016 652 2076; x_wconf 90' lang='lat' dir='ltr'>tamen</span> <span class='ocrx_word' id='word_1_110' title='bbox 677 2000 796 2082; x_wconf 89' lang='lat' dir='ltr'>adhuc</span> <span class='ocrx_word' id='word_1_111' title='bbox 818 2001 966 2103; x_wconf 89' lang='lat' dir='ltr'>quidem</span> <span class='ocrx_word' id='word_1_112' title='bbox 986 2027 1115 2103; x_wconf 58' lang='lat' dir='ltr'>augo„</span> 
     </span>
    </p>
   </div>
   <div class='ocr_carea' id='block_1_9' title="bbox 62 2110 1217 2216">
    <p class='ocr_par' dir='ltr' id='par_1_9' title="bbox 62 2110 1217 2216">
     <span class='ocr_line' id='line_1_17' title="bbox 62 2110 1217 2216; baseline 0 -24"><span class='ocrx_word' id='word_1_113' title='bbox 62 2138 149 2194; x_wconf 87' lang='lat' dir='ltr'>rum</span> <span class='ocrx_word' id='word_1_114' title='bbox 169 2132 204 2189; x_wconf 89' lang='lat' dir='ltr'>et</span> <span class='ocrx_word' id='word_1_115' title='bbox 224 2110 409 2191; x_wconf 86' lang='lat' dir='ltr'>flaminum</span> <span class='ocrx_word' id='word_1_116' title='bbox 438 2110 646 2210; x_wconf 84' lang='lat' dir='ltr'>privilegia,</span> <span class='ocrx_word' id='word_1_117' title='bbox 675 2136 751 2192; x_wconf 89' lang='lat' dir='ltr'>noo</span> <span class='ocrx_word' id='word_1_118' title='bbox 772 2112 844 2216; x_wconf 88' lang='lat' dir='ltr'>ipla</span> <span class='ocrx_word' id='word_1_119' title='bbox 860 2116 1003 2216; x_wconf 85' lang='lat' dir='ltr'>penitus</span> <span class='ocrx_word' id='word_1_120' title='bbox 1020 2140 1102 2194; x_wconf 88' lang='lat' dir='ltr'>mu·</span> <span class='ocrx_word' id='word_1_121' title='bbox 1141 2194 1144 2199; x_wconf 83' lang='grc'>,</span> <span class='ocrx_word' id='word_1_122' title='bbox 1211 2168 1217 2178; x_wconf 78' lang='lat'><em>·</em></span> 
     </span>
    </p>
   </div>
   <div class='ocr_carea' id='block_1_10' title="bbox 10 2221 1173 2455">
    <p class='ocr_par' dir='ltr' id='par_1_10' title="bbox 10 2221 1173 2455">
     <span class='ocr_line' id='line_1_18' title="bbox 10 2221 1104 2333; baseline -0.001 -28"><span class='ocrx_word' id='word_1_123' title='bbox 10 2281 12 2287; x_wconf 39' lang='grc' dir='ltr'><strong>ι</strong></span> <span class='ocrx_word' id='word_1_124' title='bbox 61 2230 122 2306; x_wconf 88' lang='lat' dir='ltr'>nia</span> <span class='ocrx_word' id='word_1_125' title='bbox 144 2224 368 2333; x_wconf 74' lang='lat' dir='ltr'>sustulerunt,</span> <span class='ocrx_word' id='word_1_126' title='bbox 390 2224 460 2322; x_wconf 85' lang='lat' dir='ltr'>ipsa</span> <span class='ocrx_word' id='word_1_127' title='bbox 476 2221 607 2322; x_wconf 89' lang='lat' dir='ltr'>templa</span> <span class='ocrx_word' id='word_1_128' title='bbox 619 2248 717 2302; x_wconf 87' lang='lat' dir='ltr'>anno</span> <span class='ocrx_word' id='word_1_129' title='bbox 727 2226 845 2305; x_wconf 89' lang='lat' dir='ltr'>adhuc</span> <span class='ocrx_word' id='word_1_130' title='bbox 861 2246 953 2318; x_wconf 87' lang='lat'><strong>424.</strong></span> <span class='ocrx_word' id='word_1_131' title='bbox 976 2251 1104 2315; x_wconf 87' lang='lat' dir='ltr'>nume·</span> 
     </span>
     <span class='ocr_line' id='line_1_19' title="bbox 63 2333 1173 2455; baseline 0 -39"><span class='ocrx_word' id='word_1_132' title='bbox 63 2341 256 2425; x_wconf 87' lang='lat' dir='ltr'>rabantur,</span> <span class='ocrx_word' id='word_1_133' title='bbox 287 2333 482 2455; x_wconf 80' lang='lat' dir='ltr'>pallrmque</span> <span class='ocrx_word' id='word_1_134' title='bbox 507 2339 601 2413; x_wconf 88' lang='lat' dir='ltr'>circa</span> <span class='ocrx_word' id='word_1_135' title='bbox 630 2338 757 2414; x_wconf 88' lang='lat' dir='ltr'>urbem</span> <span class='ocrx_word' id='word_1_136' title='bbox 777 2339 955 2416; x_wconf 85' lang='lat' dir='ltr'>christiani</span> <span class='ocrx_word' id='word_1_137' title='bbox 977 2336 1103 2416; x_wconf 85' lang='lat' dir='ltr'>sacrifi·</span> <span class='ocrx_word' id='word_1_138' title='bbox 1170 2340 1173 2347; x_wconf 85' lang='grc'><strong>’</strong></span> 
     </span>
    </p>
   </div>
   <div class='ocr_carea' id='block_1_11' title="bbox 64 2447 1220 2550">
    <p class='ocr_par' dir='ltr' id='par_1_11' title="bbox 64 2447 1220 2550">
     <span class='ocr_line' id='line_1_20' title="bbox 64 2447 1220 2550; baseline 0 -22"><span class='ocrx_word' id='word_1_139' title='bbox 64 2453 209 2529; x_wconf 91' lang='lat' dir='ltr'>ciorum</span> <span class='ocrx_word' id='word_1_140' title='bbox 229 2448 373 2526; x_wconf 81' lang='lat' dir='ltr'>fumone</span> <span class='ocrx_word' id='word_1_141' title='bbox 393 2447 706 2526; x_wconf 84' lang='lat' dir='ltr'>obnubilabantur.</span> <span class='ocrx_word' id='word_1_142' title='bbox 738 2449 869 2550; x_wconf 88' lang='lat' dir='ltr'>Neque</span> <span class='ocrx_word' id='word_1_143' title='bbox 886 2474 972 2528; x_wconf 83' lang='lat' dir='ltr'>vero</span> <span class='ocrx_word' id='word_1_144' title='bbox 988 2474 1102 2529; x_wconf 83' lang='lat' dir='ltr'>novat</span> <span class='ocrx_word' id='word_1_145' title='bbox 1216 2488 1220 2497; x_wconf 75' lang='lat'><em>,</em></span> 
     </span>
    </p>
   </div>
   <div class='ocr_carea' id='block_1_12' title="bbox 64 2559 1100 2663">
    <p class='ocr_par' dir='ltr' id='par_1_12' title="bbox 64 2559 1100 2663">
     <span class='ocr_line' id='line_1_21' title="bbox 64 2559 1100 2663; baseline -0.002 -23"><span class='ocrx_word' id='word_1_146' title='bbox 64 2565 200 2640; x_wconf 90' lang='lat' dir='ltr'>iterum</span> <span class='ocrx_word' id='word_1_147' title='bbox 220 2561 352 2636; x_wconf 85' lang='lat' dir='ltr'>radices</span> <span class='ocrx_word' id='word_1_148' title='bbox 380 2563 522 2659; x_wconf 88' lang='lat' dir='ltr'>capiens</span> <span class='ocrx_word' id='word_1_149' title='bbox 539 2559 741 2638; x_wconf 89' lang='lat' dir='ltr'>idololatria</span> <span class='ocrx_word' id='word_1_150' title='bbox 770 2578 913 2663; x_wconf 88' lang='lat' dir='ltr'>poterat</span> <span class='ocrx_word' id='word_1_151' title='bbox 933 2578 1005 2639; x_wconf 89' lang='lat' dir='ltr'>tam</span> <span class='ocrx_word' id='word_1_152' title='bbox 1024 2568 1100 2640; x_wconf 91' lang='lat' dir='ltr'>cito</span> 
     </span>
    </p>
   </div>
   <div class='ocr_carea' id='block_1_13' title="bbox 64 2669 1240 2774">
    <p class='ocr_par' dir='ltr' id='par_1_13' title="bbox 64 2669 1240 2774">
     <span class='ocr_line' id='line_1_22' title="bbox 64 2669 1240 2774; baseline -0.001 -23"><span class='ocrx_word' id='word_1_153' title='bbox 64 2697 111 2751; x_wconf 88' lang='lat' dir='ltr'>ac</span> <span class='ocrx_word' id='word_1_154' title='bbox 129 2672 229 2749; x_wconf 85' lang='lat' dir='ltr'>facile</span> <span class='ocrx_word' id='word_1_155' title='bbox 247 2671 369 2764; x_wconf 84' lang='lat' dir='ltr'>evelli3</span> <span class='ocrx_word' id='word_1_156' title='bbox 403 2695 486 2749; x_wconf 88' lang='lat' dir='ltr'>cum</span> <span class='ocrx_word' id='word_1_157' title='bbox 515 2694 590 2745; x_wconf 91' lang='lat' dir='ltr'>non</span> <span class='ocrx_word' id='word_1_158' title='bbox 616 2669 792 2759; x_wconf 78' lang='lat' dir='ltr'>densent,</span> <span class='ocrx_word' id='word_1_159' title='bbox 825 2676 887 2774; x_wconf 91' lang='lat' dir='ltr'>qui</span> <span class='ocrx_word' id='word_1_160' title='bbox 913 2670 1100 2751; x_wconf 74' lang='lat' dir='ltr'>Romanor</span> <span class='ocrx_word' id='word_1_161' title='bbox 1188 2670 1240 2765; x_wconf 64' lang='lat'>⁴„</span> 
     </span>
    </p>
   </div>
   <div class='ocr_carea' id='block_1_14' title="bbox 63 2782 1104 3336">
    <p class='ocr_par' dir='ltr' id='par_1_14' title="bbox 63 2782 1104 3336">
     <span class='ocr_line' id='line_1_23' title="bbox 63 2782 1102 2885; baseline -0.002 -21"><span class='ocrx_word' id='word_1_162' title='bbox 63 2784 255 2864; x_wconf 88' lang='lat' dir='ltr'>idolorum</span> <span class='ocrx_word' id='word_1_163' title='bbox 277 2784 377 2863; x_wconf 90' lang='lat' dir='ltr'>cultu</span> <span class='ocrx_word' id='word_1_164' title='bbox 410 2782 671 2868; x_wconf 84' lang='lat' dir='ltr'>deliniverunt,</span> <span class='ocrx_word' id='word_1_165' title='bbox 703 2785 1018 2885; x_wconf 83' lang='lat' dir='ltr'>detinueruntque.</span> <span class='ocrx_word' id='word_1_166' title='bbox 1068 2784 1102 2862; x_wconf 80' lang='lat' dir='ltr'>le</span> 
     </span>
     <span class='ocr_line' id='line_1_24' title="bbox 64 2892 1102 3000; baseline -0.002 -26"><span class='ocrx_word' id='word_1_167' title='bbox 64 2920 144 3000; x_wconf 91' lang='lat' dir='ltr'>quo</span> <span class='ocrx_word' id='word_1_168' title='bbox 157 2897 241 2973; x_wconf 92' lang='lat' dir='ltr'>loco</span> <span class='ocrx_word' id='word_1_169' title='bbox 256 2895 472 2973; x_wconf 83' lang='lat' dir='ltr'>fueritanno</span> <span class='ocrx_word' id='word_1_170' title='bbox 489 2893 620 2972; x_wconf 83' lang='lat' dir='ltr'>Christi</span> <span class='ocrx_word' id='word_1_171' title='bbox 638 2906 727 2997; x_wconf 84' lang='lat'>384</span> <span class='ocrx_word' id='word_1_172' title='bbox 747 2918 794 2971; x_wconf 83' lang='lat' dir='ltr'>ex</span> <span class='ocrx_word' id='word_1_173' title='bbox 812 2892 952 2972; x_wconf 87' lang='lat' dir='ltr'>Libanii</span> <span class='ocrx_word' id='word_1_174' title='bbox 966 2898 1102 2972; x_wconf 87' lang='lat' dir='ltr'>oratio-</span> 
     </span>
     <span class='ocr_line' id='line_1_25' title="bbox 65 3003 1103 3108; baseline -0.003 -21"><span class='ocrx_word' id='word_1_175' title='bbox 65 3032 174 3088; x_wconf 84' lang='lat' dir='ltr'>neco</span> <span class='ocrx_word' id='word_1_176' title='bbox 190 3032 286 3084; x_wconf 88' lang='lat' dir='ltr'>anno</span> <span class='ocrx_word' id='word_1_177' title='bbox 303 3008 418 3084; x_wconf 89' lang='lat' dir='ltr'>habita</span> <span class='ocrx_word' id='word_1_178' title='bbox 433 3007 548 3105; x_wconf 89' lang='lat' dir='ltr'>palam</span> <span class='ocrx_word' id='word_1_179' title='bbox 567 3003 616 3083; x_wconf 88' lang='lat' dir='ltr'>lit.</span> <span class='ocrx_word' id='word_1_180' title='bbox 677 3006 769 3101; x_wconf 85' lang='lat' dir='ltr'>Quo</span> <span class='ocrx_word' id='word_1_181' title='bbox 784 3007 915 3085; x_wconf 86' lang='lat' dir='ltr'>eodem</span> <span class='ocrx_word' id='word_1_182' title='bbox 932 3020 1103 3108; x_wconf 86' lang='lat' dir='ltr'>tempore</span> 
     </span>
     <span class='ocr_line' id='line_1_26' title="bbox 66 3118 1104 3223; baseline -0.008 -22"><span class='ocrx_word' id='word_1_183' title='bbox 66 3120 306 3223; x_wconf 86' lang='lat' dir='ltr'>Symmachus</span> <span class='ocrx_word' id='word_1_184' title='bbox 321 3118 502 3219; x_wconf 82' lang='lat' dir='ltr'>praefetlus</span> <span class='ocrx_word' id='word_1_185' title='bbox 526 3119 622 3194; x_wconf 90' lang='lat' dir='ltr'>urbis</span> <span class='ocrx_word' id='word_1_186' title='bbox 636 3142 789 3197; x_wconf 78' lang='lat' dir='ltr'>annonae</span> <span class='ocrx_word' id='word_1_187' title='bbox 804 3122 986 3197; x_wconf 87' lang='lat' dir='ltr'>caritatem</span> <span class='ocrx_word' id='word_1_188' title='bbox 1001 3119 1104 3196; x_wconf 80' lang='lat' dir='ltr'>aliar·</span> 
     </span>
     <span class='ocr_line' id='line_1_27' title="bbox 67 3229 1103 3336; baseline -0.004 -26"><span class='ocrx_word' id='word_1_189' title='bbox 67 3257 142 3336; x_wconf 88' lang='lat' dir='ltr'>que</span> <span class='ocrx_word' id='word_1_190' title='bbox 161 3232 376 3310; x_wconf 84' lang='lat' dir='ltr'>calamitates</span> <span class='ocrx_word' id='word_1_191' title='bbox 393 3229 562 3308; x_wconf 88' lang='lat' dir='ltr'>consueta</span> <span class='ocrx_word' id='word_1_192' title='bbox 580 3231 770 3327; x_wconf 86' lang='lat' dir='ltr'>gentilium</span> <span class='ocrx_word' id='word_1_193' title='bbox 796 3231 974 3310; x_wconf 89' lang='lat' dir='ltr'>calumnia</span> <span class='ocrx_word' id='word_1_194' title='bbox 1007 3229 1103 3307; x_wconf 86' lang='lat' dir='ltr'>cbri-</span> 
     </span>
    </p>
   </div>
   <div class='ocr_carea' id='block_1_15' title="bbox 65 3340 1240 3558">
    <p class='ocr_par' dir='ltr' id='par_1_15' title="bbox 65 3340 1240 3558">
     <span class='ocr_line' id='line_1_28' title="bbox 67 3340 1240 3447; baseline -0.003 -25"><span class='ocrx_word' id='word_1_195' title='bbox 67 3345 184 3422; x_wconf 87' lang='lat' dir='ltr'>stiauis</span> <span class='ocrx_word' id='word_1_196' title='bbox 203 3345 416 3442; x_wconf 84' lang='lat' dir='ltr'>imputavit,</span> <span class='ocrx_word' id='word_1_197' title='bbox 448 3340 550 3443; x_wconf 91' lang='lat' dir='ltr'>quod</span> <span class='ocrx_word' id='word_1_198' title='bbox 576 3342 742 3420; x_wconf 87' lang='lat' dir='ltr'>videlicet</span> <span class='ocrx_word' id='word_1_199' title='bbox 761 3344 890 3442; x_wconf 83' lang='lat' dir='ltr'>puellis</span> <span class='ocrx_word' id='word_1_200' title='bbox 913 3342 1030 3423; x_wconf 71' lang='lat' dir='ltr'>Vesta</span> <span class='ocrx_word' id='word_1_201' title='bbox 1051 3358 1105 3420; x_wconf 85' lang='lat' dir='ltr'>at-</span> <span class='ocrx_word' id='word_1_202' title='bbox 1222 3403 1240 3447; x_wconf 87' lang='lat'>·.</span> 
     </span>
     <span class='ocr_line' id='line_1_29' title="bbox 65 3453 1226 3558; baseline -0.002 -24"><span class='ocrx_word' id='word_1_203' title='bbox 65 3480 139 3558; x_wconf 86' lang='lat' dir='ltr'>que</span> <span class='ocrx_word' id='word_1_204' title='bbox 169 3456 352 3533; x_wconf 88' lang='lat' dir='ltr'>idolorum</span> <span class='ocrx_word' id='word_1_205' title='bbox 373 3454 613 3532; x_wconf 87' lang='lat' dir='ltr'>sacerdotibus</span> <span class='ocrx_word' id='word_1_206' title='bbox 631 3453 816 3552; x_wconf 84' lang='lat' dir='ltr'>privilegia</span> <span class='ocrx_word' id='word_1_207' title='bbox 837 3453 947 3532; x_wconf 82' lang='lat' dir='ltr'>elsent</span> <span class='ocrx_word' id='word_1_208' title='bbox 968 3453 1101 3539; x_wconf 84' lang='lat' dir='ltr'>ablata.</span> <span class='ocrx_word' id='word_1_209' title='bbox 1222 3470 1226 3479; x_wconf 85' lang='lat'><em>&#39;</em></span> 
     </span>
    </p>
   </div>
   <div class='ocr_carea' id='block_1_16' title="bbox 68 3563 1138 3890">
    <p class='ocr_par' dir='ltr' id='par_1_16' title="bbox 68 3563 1138 3890">
     <span class='ocr_line' id='line_1_30' title="bbox 68 3563 1138 3667; baseline -0.003 -21"><span class='ocrx_word' id='word_1_210' title='bbox 68 3567 171 3646; x_wconf 87' lang='lat' dir='ltr'>ausus</span> <span class='ocrx_word' id='word_1_211' title='bbox 189 3569 318 3654; x_wconf 86' lang='lat' dir='ltr'>etiam,</span> <span class='ocrx_word' id='word_1_212' title='bbox 336 3566 568 3665; x_wconf 88' lang='lat' dir='ltr'>profanarum</span> <span class='ocrx_word' id='word_1_213' title='bbox 585 3565 830 3667; x_wconf 84' lang='lat' dir='ltr'>religionum,</span> <span class='ocrx_word' id='word_1_214' title='bbox 845 3568 964 3643; x_wconf 82' lang='lat' dir='ltr'>altario</span> <span class='ocrx_word' id='word_1_215' title='bbox 978 3563 1105 3643; x_wconf 79' lang='lat' dir='ltr'>Vitto-</span> <span class='ocrx_word' id='word_1_216' title='bbox 1135 3572 1138 3578; x_wconf 89' lang='grc'><strong>’</strong></span> 
     </span>
     <span class='ocr_line' id='line_1_31' title="bbox 68 3674 1107 3779; baseline -0.003 -22"><span class='ocrx_word' id='word_1_217' title='bbox 68 3682 130 3757; x_wconf 84' lang='lat' dir='ltr'>tiae</span> <span class='ocrx_word' id='word_1_218' title='bbox 156 3703 197 3756; x_wconf 91' lang='lat' dir='ltr'>ac</span> <span class='ocrx_word' id='word_1_219' title='bbox 227 3679 502 3779; x_wconf 86' lang='lat' dir='ltr'>privilegiorum</span> <span class='ocrx_word' id='word_1_220' title='bbox 530 3678 792 3757; x_wconf 88' lang='lat' dir='ltr'>restitutionem</span> <span class='ocrx_word' id='word_1_221' title='bbox 816 3695 977 3779; x_wconf 90' lang='lat' dir='ltr'>repetere</span> <span class='ocrx_word' id='word_1_222' title='bbox 999 3674 1107 3756; x_wconf 88' lang='lat' dir='ltr'>aVa-</span> 
     </span>
     <span class='ocr_line' id='line_1_32' title="bbox 68 3786 1107 3890; baseline -0.002 -23"><span class='ocrx_word' id='word_1_223' title='bbox 68 3790 272 3867; x_wconf 89' lang='lat' dir='ltr'>lentiniano</span> <span class='ocrx_word' id='word_1_224' title='bbox 294 3792 382 3890; x_wconf 87' lang='lat' dir='ltr'>imp.</span> <span class='ocrx_word' id='word_1_225' title='bbox 402 3805 442 3867; x_wconf 92' lang='lat' dir='ltr'>ut</span> <span class='ocrx_word' id='word_1_226' title='bbox 465 3801 563 3888; x_wconf 84' lang='lat' dir='ltr'>patet</span> <span class='ocrx_word' id='word_1_227' title='bbox 573 3812 619 3866; x_wconf 89' lang='lat' dir='ltr'>ex</span> <span class='ocrx_word' id='word_1_228' title='bbox 640 3790 785 3890; x_wconf 86' lang='lat' dir='ltr'>epistola</span> <span class='ocrx_word' id='word_1_229' title='bbox 815 3789 847 3869; x_wconf 89' lang='lat' dir='ltr'>S.</span> <span class='ocrx_word' id='word_1_230' title='bbox 865 3788 1045 3873; x_wconf 83' lang='lat' dir='ltr'>Ambroiii</span> <span class='ocrx_word' id='word_1_231' title='bbox 1061 3786 1107 3865; x_wconf 89' lang='lat' dir='ltr'>ud</span> 
     </span>
    </p>
   </div>
   <div class='ocr_carea' id='block_1_17' title="bbox 70 3898 1220 4005">
    <p class='ocr_par' dir='ltr' id='par_1_17' title="bbox 70 3898 1220 4005">
     <span class='ocr_line' id='line_1_33' title="bbox 70 3898 1220 4005; baseline -0.004 -23"><span class='ocrx_word' id='word_1_232' title='bbox 70 3899 374 3982; x_wconf 83' lang='lat' dir='ltr'>Valentinianum</span> <span class='ocrx_word' id='word_1_233' title='bbox 388 3898 438 3995; x_wconf 77' lang='lat' dir='ltr'>a)</span> <span class='ocrx_word' id='word_1_234' title='bbox 464 3902 526 3979; x_wconf 93' lang='lat' dir='ltr'>ubi</span> <span class='ocrx_word' id='word_1_235' title='bbox 545 3899 601 3976; x_wconf 85' lang='lat' dir='ltr'>vel</span> <span class='ocrx_word' id='word_1_236' title='bbox 616 3900 923 3984; x_wconf 77' lang='lat' dir='ltr'>hocachriliIaoo</span> <span class='ocrx_word' id='word_1_237' title='bbox 942 3904 1107 4005; x_wconf 83' lang='lat' dir='ltr'>principe</span> <span class='ocrx_word' id='word_1_238' title='bbox 1217 3898 1220 3905; x_wconf 79' lang='grc'><strong><em>’</em></strong></span> 
     </span>
    </p>
   </div>
   <div class='ocr_carea' id='block_1_18' title="bbox 112 4009 1226 4199">
    <p class='ocr_par' dir='ltr' id='par_1_18' title="bbox 112 4009 1226 4199">
     <span class='ocr_line' id='line_1_34' title="bbox 554 4009 1226 4115; baseline -0.003 -25"><span class='ocrx_word' id='word_1_239' title='bbox 554 4009 584 4090; x_wconf 83' lang='grc' dir='ltr'><strong>Ρ</strong></span> <span class='ocrx_word' id='word_1_240' title='bbox 615 4032 634 4102; x_wconf 84' lang='lat'>3</span> <span class='ocrx_word' id='word_1_241' title='bbox 977 4016 1051 4115; x_wconf 86' lang='lat' dir='ltr'>peti</span> <span class='ocrx_word' id='word_1_242' title='bbox 1220 4052 1226 4065; x_wconf 91' lang='lat'>·</span> 
     </span>
     <span class='ocr_line' id='line_1_35' title="bbox 112 4117 1090 4199; baseline -0.001 -15"><span class='ocrx_word' id='word_1_243' title='bbox 112 4120 153 4199; x_wconf 77' lang='grc' dir='ltr'>ι)</span> <span class='ocrx_word' id='word_1_244' title='bbox 171 4117 216 4184; x_wconf 85' lang='lat' dir='ltr'>Ci.</span> <span class='ocrx_word' id='word_1_245' title='bbox 239 4117 262 4184; x_wconf 89' lang='lat'>1.</span> <span class='ocrx_word' id='word_1_246' title='bbox 286 4137 333 4198; x_wconf 84' lang='lat' dir='ltr'>ep.</span> <span class='ocrx_word' id='word_1_247' title='bbox 360 4134 410 4198; x_wconf 79' lang='grc' dir='ltr'>η.</span> <span class='ocrx_word' id='word_1_248' title='bbox 431 4135 462 4183; x_wconf 87' lang='grc' dir='ltr'>ιι.</span> <span class='ocrx_word' id='word_1_249' title='bbox 485 4137 516 4198; x_wconf 79' lang='lat'>9.</span> <span class='ocrx_word' id='word_1_250' title='bbox 542 4134 572 4197; x_wconf 85' lang='lat' dir='ltr'>p.</span> <span class='ocrx_word' id='word_1_251' title='bbox 597 4123 668 4191; x_wconf 72' lang='grc' dir='ltr'>εισι</span> <span class='ocrx_word' id='word_1_252' title='bbox 1088 4133 1090 4137; x_wconf 74' lang='grc'>’</span> 
     </span>
    </p>
   </div>
   <div class='ocr_carea' id='block_1_19' title="bbox 0 0 1266 4958">
    <p class='ocr_par' dir='ltr' id='par_1_19' title="bbox 0 0 1266 4958">
     <span class='ocr_line' id='line_1_36' title="bbox 0 0 1266 4958; baseline 0 0"><span class='ocrx_word' id='word_1_253' title='bbox 0 0 1266 4958; x_wconf 95' lang='lat' dir='ltr'> </span> 
     </span>
    </p>
   </div>
  </div>
 </body>
</html>
