2506 4958
225 235 375 311 reguum
407 209 728 300 curiosiorem
754 233 781 289 t.
807 180 992 293 XXVIII.
1052 186 1150 315 245!

108 372 189 457 Leo
210 371 245 453 P.
269 398 375 476 quarn
402 371 491 450 Aetii
511 377 622 453 virtus
650 373 801 461 bellica,
832 380 919 476 qui,
949 393 1137 459 utcontra

108 488 274 584 Francos
285 491 452 585 primum·
467 485 614 563 feliciter
634 485 845 589 decertarit,
876 491 926 563 ita
947 494 1052 586 etiam
1076 493 1136 568 Ar.

108 601 211 676 tilam
237 603 271 674 in
293 598 406 676 Gallia
432 598 553 696 praelio
577 600 731 690 vicerat3
762 599 820 673 sed
843 623 990 703 quoqne
1015 603 1136 681 Aetius

108 713 194 798 hic,
227 728 266 788 ut
301 711 363 787 sub
390 708 560 786 Honorio
595 709 742 794 Stilico,
785 715 988 788 invidorum
1017 712 1139 791 timot·

107 839 181 900 tate
197 825 273 900 neci
296 823 398 900 datus
416 823 463 898 est
488 847 505 896 a
523 820 776 897 Valentiniano
805 827 974 899 iuniore:
1005 827 1065 927 qui
1085 829 1138 923 ip.

108 936 145 1012 se
179 958 325 1034 quoque
365 934 559 1009 violentam
600 951 754 1008 mortem
784 932 889 1010 subiit
921 940 1133 1035 epatriciu,

108 1047 223 1131 dum,
252 1050 394 1122 interim
425 1044 593 1121 Marinio
613 1046 811 1130 trucidato,
844 1050 978 1122 iterum·
1004 1049 1036 1124 S.
1058 1046 1134 1127 Leo

108 1156 319 1242 intercedit,
352 1182 398 1233 ne
429 1156 662 1234 aGenserico
691 1155 807 1233 Roma
833 1159 947 1256 praeda
978 1161 1134 1240 militum
1182 1155 1188 1167 '

108 1269 235 1354 fieret,
273 1269 442 1366 paulatim
472 1271 686 1344 concidente
706 1270 917 1345 occidentali
953 1275 1130 1370 imperio.

110 1405 152 1459 ac
178 1382 323 1457 demum
348 1385 383 1456 in
407 1380 607 1478 Augustulo
626 1381 807 1467 extincto,
838 1382 1031 1458 deiiciente·
1046 1406 1134 1463 eun·

111 1494 193 1568 dem
228 1491 315 1568 solio
340 1491 510 1571 Odoacre
541 1491 761 1570 Herulorunr
781 1516 888 1590 rege,
927 1518 1019 1594 quos
1043 1518 1132 1575 reto

110 1602 365 1682 Theudoricus
392 1603 601 1681 Gothorum
631 1628 693 1680 rex
723 1603 839 1681 Roma
858 1607 953 1682 brevi
969 1608 1131 1706 expuht,

109 1739 337 1815 regnumque
361 1715 522 1793 Italicum
551 1717 744 1792 coustituit.
804 1717 881 1803 Sic,
914 1723 961 1794 air
986 1719 1135 1796 lornan.

110 1829 172 1905 des
199 1827 344 1906 Gothus
374 1825 431 1903 uu.
461 1828 500 1902 de
525 1850 621 1922 regu.
652 1826 790 1925 fritteff
842 1885 864 1919 „
895 1827 1131 1928 Hesperidum

107 1997 131 2033 ,‚
161 1964 313 2036 regnum
339 1937 566 2038 Romanique
594 1938 721 2038 populi
754 1943 1000 2038 principatus,
1032 1942 1134 2039 quod

109 2108 132 2145 „
164 2049 341 2130 Dectx.
358 2048 404 2127 V.
426 2050 469 2128 C.
490 2074 586 2126 anno
609 2055 745 2149 primus
764 2053 1006 2149 Augustorum
1026 2052 1134 2131 om.

106 2219 129 2257 ‚‚
160 2165 284 2240 vienus
307 2162 486 2260 Augustus
505 2176 625 2238 tenere
646 2165 783 2258 coepit,
815 2187 898 2240 cum
918 2163 989 2240 hoc
1012 2162 1134 2263 hugu-

108 2331 131 2368 „
161 2275 251 2350 {tuto
286 2277 414 2371 periit3
455 2273 664 2351 Gothorum
693 2274 775 2350 dein
810 2276 952 2372 regibus
977 2271 1133 2354 Romam

107 2436 130 2479 „
162 2390 365 2462 tenentibus
380 2443 412 2477 „.
473 2385 657 2464 Orientale
693 2389 885 2484 imperium
921 2387 984 2463 fub
1009 2386 1135 2464 Theo-

108 2496 213 2574 dofio
236 2501 376 2573 iuniore
399 2498 515 2572 huitae
560 2500 814 2584 tributarium,
856 2499 918 2575 sub
949 2498 1134 2577 Marciano

109 2606 306 2708 respiraffe‚
329 2609 438 2685 visum
468 2609 525 2684 est·
585 2607 665 2684 Post
687 2634 769 2684 eum
788 2607 864 2685 Leo
881 2609 1002 2685 Thrax
1021 2614 1135 2710 irnpe-

109 2723 204 2796 rimn
239 2744 349 2818 opera
388 2720 521 2819 Aiparis
558 2720 660 2794 iurari
697 2723 813 2794 Ariani
845 2724 1030 2807 obtinuit,
1071 2725 1134 2822 qui

110 2855 193 2906 cunr
225 2829 384 2907 Leonem
419 2833 537 2930 postea
570 2855 644 2906 non
664 2831 707 2906 ad
732 2848 814 2906 vota
838 2830 1002 2916 haberet,
1034 2830 1134 2909 Van·

109 2942 210 3019 datos
230 2944 431 3019 advocavit:
477 2943 637 3040 dumque
662 2942 756 3040 apud
792 2943 975 3040 pupulum
991 2942 1040 3017 ob
1064 2944 1134 3023 ha.

109 3053 212 3131 resim
246 3058 373 3130 exosus
405 3052 512 3140 effet,
566 3070 822 3129 concurrentes
852 3059 958 3128 etiam
993 3077 1038 3129 ex
1066 3054 1133 3131 suis

109 3171 238 3242 eremis
269 3165 435 3243 monachi
462 3170 714 3263 imperatorem
750 3168 956 3242 adiurarunt
989 3187 1066 3263 pro
1094 3162 1134 3239 fi,
1223 3242 1225 3247 ,

111 3277 158 3354 de
175 3278 336 3353 adversus
357 3278 521 3377 Asparem
550 3277 748 3362 Asianum3
780 3301 887 3376 quem
914 3278 1060 3376 eiuique
1086 3275 1135 3352 fa·
1182 3274 1199 3333 5

109 3390 243 3464 miliani
272 3388 381 3466 Zeno
419 3388 569 3465 occultu
595 3386 726 3464 Leonis
753 3387 842 3465 tutio
860 3413 943 3464 curn
969 3386 1138 3463 trucidas-

107 3501 188 3587 set,
222 3504 255 3574 in
277 3502 462 3601 praemium
493 3500 681 3575 Ariadoem
713 3499 845 3576 Leonis
868 3500 973 3574 hiiam
1002 3504 1038 3573 in
1063 3522 1141 3574 ma·

109 3615 324 3687 trimonium
352 3614 490 3712 accepit
507 3628 541 3686 et
561 3612 678 3709 postea
709 3613 924 3710 imperium,
958 3626 997 3685 ut
1016 3625 1135 3687 tamen

109 3724 196 3799 teste
215 3721 393 3821 Prospero
414 3727 450 3797 in
469 3723 595 3798 chron
656 3719 808 3819 Irrstrrrdu
831 3725 1046 3795 tri-rarorum
1068 3721 1136 3795 he.

108 3832 211 3922 refrt,
254 3858 325 3928 uua
339 3833 381 3932 fu
406 3834 606 3910 notionibus
630 3832 794 3923 hortareris
824 3831 988 3930 miscuit,
1019 3832 1159 3907 cathm—
1233 3932 1237 3939 η

109 3940 184 4022 lira
213 3967 355 4023 ,numen
382 3945 470 4042 fidei
507 3957 580 4024 tuto
619 3945 704 4021 urhe
739 3943 866 4044 diffirsae
902 3942 1135 4044 presumeret.

615 4059 704 4151 (Μ
987 4053 1084 4131 Hinc
