2512 4620
273 228 425 308 regnum
442 204 573 299 Chriilr'
585 210 626 287 irr
642 210 754 289 terris
771 232 799 289 r.
817 206 915 291 LVI.
1031 230 1112 308 297

83 430 104 468 ‚‚
132 370 203 452 Dei
228 368 370 450 affumit
395 372 623 473 potentiam.
677 373 784 449 uerba
811 396 962 475 quoque
986 372 1114 455 divina

83 480 116 597 ‚l
133 483 194 561 irbi
210 486 366 563 vindicet
383 484 578 562 nraiellatir.
636 481 682 561 Et
695 484 834 581 fundos
858 483 1019 582 Altifflmr‘
1033 511 1115 564 con·

83 651 106 692 „
133 606 245 683 teret,
274 608 310 672 et
322 592 491 691 putabit,
520 594 616 693 quod
626 594 725 695 pofflt
746 607 888 673 mutare
904 608 1063 697 temporo
1081 610 1117 677 rt

83 763 105 805 „
132 705 252 806 leges:
316 706 537 787 Praeliabitur
575 710 673 785 enim
712 707 949 789 Antichristus
987 726 1116 789 contra

83 876 105 924 a
135 818 288 908 laudor,
319 836 356 896 et
381 820 560 921 superabit
587 843 676 898 eor:
706 822 744 897 in
770 832 979 923 tantamque
1002 826 1118 923 erige-

83 942 107 1029 '„
134 931 425 1032 turiuperbiam,
448 944 491 1011 ut
508 932 606 1032 leges
621 930 714 1020 Dei,
744 945 781 1010 et
799 936 1023 1013 ceremonias
1038 958 1118 1015 mu·

83 1099 107 1140 ‚,
136 1058 210 1121 tare
230 1059 404 1130 conetur,
434 1057 470 1120 et
486 1042 644 1122 elevetur
668 1043 769 1145 supra
789 1067 919 1133 omne.
949 1047 1050 1147 quod
1064 1046 1118 1125 di·

83 1212 105 1253 ‚,
131 1159 224 1234 citur
248 1154 371 1243 Deus,
402 1155 619 1255 religionem
642 1155 808 1233 cunctam
835 1154 906 1237 suae
930 1157 1118 1237 subiicienr

83 1325 108 1363 ,,
138 1267 302 1375 potestati
319 1323 352 1360 „.
410 1264 507 1361 Quae
528 1268 698 1368 deinceps
722 1264 818 1347 Dan.
832 1266 934 1349 Vlll.
964 1269 1120 1373 sequun-

83 1394 162 1469 tur,
204 1378 249 1459 ad
270 1376 408 1456 ludaeos
439 1378 587 1479 quidem
610 1383 820 1481 pertinent,
864 1382 972 1459 etiam
995 1406 1028 1459 c.
1046 1380 1116 1464 Xl.

83 1490 301 1569 monarchia
331 1493 441 1569 tertiae
463 1504 629 1592 tempore
655 1494 692 1570 in
715 1514 831 1591 regnu
850 1490 1117 1582 Seleucidarunr

83 1603 267 1703 insyria,
294 1603 356 1680 iub
389 1602 576 1681 Antiocho
598 1599 787 1705 Epiphane
816 1603 1037 1704 prasertim,
1082 1618 1120 1687 et

83 1712 309 1793 Machabaein
368 1712 492 1801 Nollri
513 1725 657 1801 autem.
700 1712 799 1789 addit
820 1710 860 1802 u)
885 1714 920 1793 S.
936 1715 1120 1821 Hierony·

83 1848 189 1912 mur,
218 1826 288 1902 hac
300 1827 419 1899 omniu
430 1825 471 1900 dr
490 1820 625 1913 Christo
638 1822 848 1921 prophetari
864 1823 1117 1906 arbitrantur:

83 1934 275 2037 Tanquam
301 1950 392 2037 typo
411 1934 541 2013 scilicet
571 1938 607 2012 in
634 1933 820 2015 Antiocho
840 1956 952 2036 rege.
998 1962 1122 2015 exem-

83 2050 151 2149 plo
169 2046 323 2128 addudo
347 2070 393 2123 ex
417 2046 556 2155 psalmo
584 2068 650 2140 71.
697 2049 759 2143 qui
781 2057 1001 2144 prenotatur
1025 2048 1122 2127 Solu·

83 2161 226 2245 monis.
261 2171 296 2235 et
313 2160 457 2246 omnio,
500 2182 573 2256 que
592 2161 632 2234 in
652 2182 691 2237 ru
714 2159 903 2248 dicuntur,
942 2158 1122 2239 Salomoni

84 2294 157 2350 non
175 2269 294 2350 volent
310 2272 507 2349 convenire.
568 2267 613 2351 Et
631 2294 738 2349 mox:
768 2327 790 2364 „
803 2271 903 2351 Sicut
916 2274 1028 2371 igitur
1046 2271 1123 2351 Sal-

83 2437 111 2480 „
139 2400 241 2460 vator
269 2382 395 2471 habet,
440 2398 476 2460 et
502 2381 735 2461 Salomonem
755 2396 792 2462 et
812 2398 961 2463 caeteros
986 2384 1120 2463 sanctur

85 2550 111 2593 ,‚
137 2499 173 2572 in
198 2511 326 2596 typum
349 2496 524 2573 adrentus
544 2495 616 2585 lui3
644 2493 692 2575 fic
714 2511 751 2573 et
781 2495 1017 2579 Antichristus
1046 2496 1121 2599 pes·

83 2664 111 2703 .,
141 2607 268 2685 fimum
288 2631 411 2706 regem
436 2605 688 2694 Antiochum,
719 2607 782 2706 qui
807 2605 942 2685 sanctor
961 2608 1122 2708 persecu·

86 2774 111 2815 „
139 2733 196 2796 tue
226 2718 295 2804 est,
326 2717 579 2818 templumque
598 2716 764 2804 violarit,
809 2717 904 2795 rede
924 2736 1053 2818 typum
1073 2720 1123 2798 sui

86 2887 111 2926 ,‚
141 2826 296 2906 habuiile
319 2828 520 2906 credendus
547 2828 597 2906 est
616 2885 648 2923 ‚‚.
679 2828 739 2908 Sic
760 2830 868 2907 etiam
890 2828 925 2907 S.
940 2826 1122 2932 Hierony·

87 2965 172 3023 rnus
190 2938 277 3017 luel.
306 2938 366 3018 lll.
410 2940 456 3016 de
482 2940 616 3018 iudicio
641 2943 809 3040 gentium
839 2940 1017 3042 populum
1051 2941 1123 3020 Dei

87 3052 327 3151 affligentium
344 3048 383 3141 b)
402 3054 673 3150 interpretatur:
711 3108 734 3145 ,‚
754 3049 843 3131 Haec
865 3055 965 3133 iuxta
984 3055 1122 3131 literam

88 3219 114 3261 „
142 3163 203 3240 fibi
241 3160 343 3240 lsrael
374 3163 594 3259 alterabilis,
611 3166 848 3266 repromittit.
912 3162 995 3245 Nur
1025 3168 1123 3245 iuxta

90 3330 114 3374 ,‚
142 3291 303 3375 coeptam
332 3275 583 3375 tropologiam
609 3290 646 3355 et
666 3291 794 3375 genter
829 3276 1059 3364 daemonum.
1089 3292 1126 3357 et

91 3446 116 3484 „
144 3412 227 3474 eoa,
268 3389 329 3488 qui
365 3387 530 3487 quotidie
555 3401 682 3465 contra
713 3385 904 3467 Ecclehanr
929 3388 1124 3478 dimicant,

93 3558 116 3597 ‚,
146 3517 182 3577 et
214 3501 250 3574 in
279 3499 408 3576 ultimo
441 3498 503 3575 sub
534 3497 752 3578 Antichristo
772 3499 958 3577 adversum
992 3501 1126 3578 landos

94 3669 119 3706 „
149 3610 305 3689 Domini
333 3612 528 3710 pugnaturi
558 3607 671 3699 sunt.
722 3615 884 3711 occipere
913 3608 1129 3713 pollumus:

96 3779 120 3819 ‚
149 3724 211 3827 qui
238 3721 376 3801 idcirco
406 3737 702 3825 congregantur,
729 3737 772 3805 ut
790 3739 940 3827 pereant
956 3778 989 3819 „.
1021 3723 1128 3803 Non-

589 3849 626 3931 T
659 3872 678 3950 5
977 3854 1074 3934 nulla

138 4005 173 4086 a)
195 4005 224 4071 P.
252 4022 340 4086 rra-r.
405 4006 439 4087 t)
461 4006 491 4091 p.
517 4012 606 4091 ηις.
743 4032 747 4039 ·
1086 4003 1092 4017 '
