2506 4958
226 223 377 300 regnum
400 179 530 290 caitae·
552 199 722 279 interris
743 220 772 277 r.
796 196 920 278 XLII.
1038 212 1090 293 43

52 366 236 446 minuam
261 381 297 443 et
325 363 531 443 Pontanum
557 364 853 464 protonotarium
885 362 931 439 de
957 363 1093 439 timen-

54 482 102 559 da
124 478 395 557 Germanorum
415 475 639 555 animositate
661 477 917 562 commonuit,
940 474 1097 553 clamant

53 592 96 673 hi
129 616 213 669 curn
243 586 504 667 Mediolanensi
534 589 807 690 archiepiscopo
839 586 883 664 ad
918 589 1095 664 comitem

52 705 104 783 de
126 701 329 781 Thietstein
354 701 501 780 concilii
526 701 769 786 advocatum,
799 699 999 776 libertatem
1028 697 1094 775 libi
1195 734 1199 743 ·

53 818 158 918 eripi.
218 814 373 892 lnstante
387 811 626 890 nihilominus
641 809 833 891 Arelatensi
848 866 859 898 ,
889 826 929 888 nt
947 810 1100 889 conclu.

54 928 110 1006 sio
141 927 353 1005 duodecim
378 927 538 1003 virorum
566 925 860 1025 (deputatorum
892 921 1025 1000 scilicet
1050 944 1099 1001 ex

54 1040 206 1140 singulis
224 1033 461 1127 nationibus)
478 1037 680 1136 legeretur,
709 1036 988 1115 Panormitanus
1009 1057 1098 1113 cum

56 1149 370 1250 Arragonensibus
400 1147 576 1251 episcopis
611 1146 777 1229 obsistit:
843 1146 1098 1237 contendens,

57 1290 138 1343 rem
163 1263 255 1340 hanc
276 1262 532 1363 episcoporum
563 1259 659 1347 elle,
700 1284 810 1362 peries
830 1282 925 1362 quoe
952 1256 1102 1338 relldeat
1174 1266 1177 1275 '

59 1378 216 1479 potestas
237 1374 440 1453 definiendi.
502 1372 604 1453 Dum
624 1372 692 1451 sese
719 1371 928 1475 Alphonsue
959 1371 1103 1472 episco-

60 1514 128 1591 pus
147 1486 336 1586 Burgensis
363 1487 600 1569 mediatorem
624 1488 848 1587 interponit,
885 1482 1103 1564 Ludovicue

59 1625 150 1679 vero
172 1597 432 1687 lausanensis,
486 1614 523 1677 et
554 1597 729 1679 Nicolaus
756 1595 993 1677 Grolsetanus
1018 1620 1101 1698 epp.

58 1713 156 1814 apud
174 1711 409 1792 Arelatensem
430 1707 700 1790 conclusionem
720 1726 877 1809 urgent,
899 1710 1104 1810 isundiqua

62 1824 274 1903 constritlus
294 1824 428 1898 litteras
445 1821 634 1922 producit,
667 1822 799 1919 quibus
819 1820 1099 1919 significaretur,

62 1934 218 2034 Eugenii
244 1932 282 2016 P,
300 1933 440 2030 legatos
462 1937 498 2008 in
521 1930 647 2009 Galliis
681 1953 728 2008 eo
753 1955 831 2008 rem
848 1931 894 2009 de
913 1926 1108 2032 superioriss
1177 1938 1181 1945 '

60 2064 136 2127 tate
159 2069 259 2147 papae
277 2047 379 2144 supra
400 2042 599 2122 concilium
621 2040 807 2121 deduxisse
816 2082 833 2132 ,·
859 2058 902 2122 nt
923 2042 987 2121 nili
1004 2042 1104 2120 obex

63 2176 268 2263 poneretur
285 2213 295 2242 ,
325 2154 429 2233 facile
444 2153 696 2257 praevaletent3
727 2156 826 2234 unde
841 2169 913 2234 tter
930 2179 977 2234 ex
996 2155 1104 2244 otio,

63 2296 154 2373 quas
183 2269 410 2358 venditabat,
441 2271 606 2347 veritates
628 2271 765 2368 priores
795 2266 1033 2371 promulgare
1053 2266 1106 2344 fe-

64 2387 181 2461 stinat.
242 2381 373 2478 Agitur
395 2380 513 2461 rursus
543 2382 721 2480 generalis
742 2397 966 2462 conventus:
987 2378 1106 2459 Lube-

69 2495 182 2573 censis
207 2494 423 2593 episcopus,
461 2508 587 2579 orator
614 2492 811 2580 caelareus,
859 2517 944 2572 cnm
973 2494 1108 2594 princi-

66 2615 165 2709 pum'
181 2606 336 2705 legatis,
366 2628 497 2702 magna
521 2627 569 2682 ex
595 2619 696 2704 parte
709 2604 917 2704 episcopis,
947 2629 1109 2706 cumque

67 2720 216 2797 concilii
238 2720 417 2799 advocato
445 2714 588 2798 seorsim
614 2714 758 2792 conlilia
778 2720 927 2811 ineunt;
956 2732 993 2794 et
1017 2716 1109 2794 dum

41 2897 45 2905 ,
69 2827 281 2915 Arelatensis
301 2827 552 2928 promulgatio
576 2830 768 2910 veritatum
788 2829 1035 2928 praedidarum
1053 2832 1110 2906 in·

68 2943 251 3029 notescit,
298 2940 396 3019 illico
436 2965 474 3019 re
509 2953 680 3041 percepta
722 2940 1013 3040 promulgationi
1054 2942 1109 3019 isti

69 3055 304 3135 intercedunt
332 3048 774 3153 episcopusLubecenlis,
811 3052 1026 3144 advocatus,
1056 3078 1114 3131 ar.

72 3166 322 3273 chlepiscopus
354 3161 577 3254 Turonensis
593 3166 687 3262 tegis
715 3162 943 3255 Galliarum,
973 3182 1010 3245 et
1036 3168 1113 3268 epi-

71 3281 205 3380 scopus
229 3275 452 3356 Concliensis
487 3279 580 3375 regis
608 3275 758 3354 Castiliae
796 3294 987 3374 oratores3
1031 3304 1114 3357 om-

75 3419 141 3471 nes
165 3392 367 3490 indignati,
399 3390 537 3489 legatos
562 3413 638 3466 nori
664 3390 891 3490 expectatos,
922 3405 959 3470 et
984 3390 1114 3470 insuli-

75 3521 136 3583 tos
164 3502 329 3603 'praelatos
366 3500 434 3581 elle
464 3501 699 3603 posthabitus.
758 3501 931 3582 Acerhius
962 3506 999 3582 in
1027 3504 1115 3583 Are·

79 3613 250 3692 larensem
300 3615 457 3691 invetius
502 3611 795 3715 archiepiscopus
835 3613 1114 3695 Mediolaneulit

78 3726 198 3826 palain
233 3750 316 3802 eum
346 3727 497 3803 alterum
531 3724 721 3804 Catilinam
760 3728 964 3827 appellavit.
1021 3728 1113 3809 Rem

82 3861 232 3942 quoque
252 3837 413 3939 pluribus
430 3837 726 3927 Panormitanus,
748 3840 957 3943 improbare
979 3839 1014 3921 se
1038 3857 1114 3919 tan·

949 4009 1077 4101 quaniv
