2512 4620
162 174 253 265 πα
517 155 663 258 Ecclesia
689 156 852 245 militum

166 335 263 409 viam
284 324 545 427 complanent.
577 322 674 402 unde
693 323 850 403 navibus
876 318 999 403 etiam
1021 320 1082 409 in.
1096 316 1206 401 Ameti

169 466 249 523 cam
274 441 427 516 uiilricia
449 461 547 516 arma
566 436 698 518 inferte
724 448 868 536 queant
933 432 1152 517 Revetetut
1168 458 1206 513 m

169 569 225 633 tes
252 548 385 628 sinister
409 549 473 631 suo
505 551 653 633 nomine
679 544 902 651 compellare
930 562 1013 627 tres
1045 547 1130 627 illas
1147 571 1205 647 piu

170 668 306 743 vincias
323 664 381 745 seu
403 684 535 769 regna,
565 684 644 766 que
661 657 792 743 Tutcis
815 656 934 739 defiat
958 660 1011 737 ad
1035 660 1205 763 complet·

171 776 260 857 dum
287 797 480 853 numerum
495 773 621 851 decem
637 793 821 857 cotnuum
847 786 992 871 quartae
1022 772 1149 853 beliiae
1166 772 1204 851 lea

170 886 390 967 monarchiae
414 883 508 969 Dan.
537 882 619 963 Vll.
662 900 699 961 et
722 881 838 981 upon
864 878 976 962 Xlll.
1010 908 1104 987 quae
1132 888 1204 965 iun

171 996 385 1084 Danielem,
414 1007 493 1073 erm
513 992 678 1095 diffimilis
699 992 802 1078 valde
819 991 864 1073 ab
878 992 1079 1085 omatibus.
1110 1008 1204 1077 ettn·

173 1107 294 1195 ribilis
320 1110 447 1199 nimis,·
476 1111 576 1187 iuxta
598 1107 631 1186 S.
648 1106 823 1188 loannem
849 1121 977 1189 autem
988 1105 1134 1203 fimilis
1150 1120 1203 1186 ent

166 1222 308 1324 pardo,
352 1232 387 1299 et
416 1219 515 1319 pedes
541 1222 614 1300 eius
640 1216 725 1315 ficut
746 1217 847 1315 pedes
874 1214 976 1311 urst.
1026 1232 1068 1297 et
1100 1245 1137 1299 m
1155 1225 1204 1299 ein

167 1334 254 1429 ficut
277 1356 314 1411 os
336 1330 454 1409 leonis.
513 1331 586 1413 Ubi
615 1331 903 1419 observandum.
941 1330 1141 1432 ipliffimas
1161 1332 1205 1412 ete

170 1447 235 1525 has
261 1462 333 1523 tres
360 1444 515 1531 bestias,
562 1442 626 1523 sub
651 1467 804 1547 quarum
828 1440 944 1547 figura
976 1441 1140 1531 Danieli
1162 1449 1206 1525 uit

173 1560 294 1658 priora
323 1580 433 1654 regna
462 1554 827 1657 repraesentabantur,
869 1578 953 1661 qua
978 1580 1081 1637 vero
1108 1561 1208 1637 omnia

170 1669 410 1769 amplitudine
434 1668 493 1749 lua
521 1685 691 1773 quartum
723 1690 878 1767 regnum
898 1666 961 1747 seu
990 1668 1113 1749 bestia
1130 1694 1207 1753 com·

169 1780 414 1885 plectebatur,
460 1798 569 1880 atque
601 1776 815 1879 ponffinnn
860 1796 1011 1879 pattena
1057 1782 1206 1867 aTutcit

170 1891 412 1998 possidentur,
425 1890 687 1993 Babylonicum
701 1947 713 1978 .
727 1889 929 1974 Medorum
945 1909 985 1970 et
1004 1893 1205 1981 Gtaecorun

169 2030 309 2105 regna,
339 2028 416 2105 quo
442 2010 477 2081 in
497 2006 684 2103 postremo
709 2001 817 2082 veluti
843 2002 1068 2085 meditullio
1101 2007 1205 2091 Tuta

168 2118 323 2195 relident
348 2114 448 2191 fimili
474 2117 613 2217 pardo:
662 2140 733 2215 qua
762 2114 876 2213 figura
905 2112 1071 2200 Danieli
1099 2123 1203 2207 tertia.

169 2228 294 2304 Graeca
311 2229 481 2303 nimirum
500 2226 707 2303 monarchia
726 2226 1011 2315 ostendebatur.
1045 2238 1102 2310 uti
1121 2236 1203 2310 etim

166 2337 1201 2439 dellomanonnperloceubestiaquartalocutusS.lom·

166 2471 253 2522 nes:
273 2440 396 2531 hellin,
421 2448 558 2544 inquit,
591 2472 695 2543 qnam
710 2452 806 2534 vini,
833 2449 963 2541 similis
980 2470 1072 2531 erut
1092 2458 1200 2552 patin,

166 2560 268 2655 quod
297 2558 411 2657 ipl'um
434 2582 566 2658 corpus
598 2563 748 2647 attinet,
781 2587 863 2640 eum
886 2566 1002 2662 pedes
1030 2568 1201 2648 eilentut·

165 2668 191 2745 fi
224 2686 260 2746 et
286 2694 325 2744 os
350 2669 476 2745 leonis.
535 2670 797 2753 Animadvertit
819 2693 940 2755 autem
971 2677 1201 2765 Pastorinius.

164 2783 322 2859 necdum
353 2788 477 2858 omnia
505 2785 685 2883 completa
717 2786 885 2862 hellenus
912 2787 1012 2878 elle,
1067 2820 1147 2898 quae
1169 2794 1200 2867 de

163 2916 288 2992 quarta
316 2894 380 2971 lmc
413 2896 518 2971 bestia
556 2896 698 2973 Daniel.
728 2896 809 2975 Vll.
851 2898 1060 2995 leguntur:
1113 2927 1199 3007 atque

161 3031 245 3082 cum
271 3005 447 3107 plerisque
475 3006 631 3086 Turcam
665 3009 808 3109 Coget
834 3013 909 3089 eius
941 3038 1112 3114 regnum
1141 3019 1200 3098 lla

163 3141 243 3214 gog
267 3120 378 3215 Apoc.
403 3117 496 3196 XX.
525 3141 560 3211 7.
602 3120 880 3219 interpretatur,
926 3125 1087 3221 soluto,
1135 3154 1200 3220 cun

161 3232 402 3306 consummati
442 3232 576 3305 luerint
606 3232 705 3307 mille
736 3234 845 3317 anni.
891 3234 1045 3319 satana:
1107 3244 1202 3321 veluti

160 3344 267 3416 etiam
302 3341 415 3440 llpoc.
441 3338 544 3421 Xlll.
569 3363 604 3421 2.
636 3344 750 3421 bestiae
767 3348 937 3423 virtutem
958 3350 1068 3430 suam
1096 3376 1134 3437 et
1153 3380 1202 3455 pu

160 3455 320 3529 testatem
341 3477 507 3552 maguam
526 3454 656 3533 satanas
672 3454 803 3533 dedille
820 3457 966 3537 dicitur.
1025 3467 1202 3568 Congruit

158 3567 269 3661 origo
293 3565 457 3667 Scythica
482 3566 685 3646 Tun-arun
705 3566 888 3646 hodiernae
908 3596 1065 3672 mugnae
1090 3581 1203 3659 Tarta·

158 3678 217 3754 tiae
240 3680 301 3767 iis,
347 3702 427 3782 quae
458 3678 502 3758 de
529 3677 617 3779 Gog
634 3694 670 3762 et
689 3678 831 3783 magog
854 3685 922 3761 iam
946 3691 1151 3774 attulimus
1170 3712 1202 3770 ex

963 3812 1158 3904 Ezechiel

195 3968 230 4027 nl
252 3959 325 4024 llan.
349 3960 413 4026 Vll.
438 3985 482 4030 ιο.
551 3969 583 4025 lvl
606 3967 697 4043 llpoc.
721 3965 804 4031 Xlll.
829 3983 858 4027 ε,
