2512 4620
155 124 342 298 ⁸rignum
354 128 493 279 obriti
517 121 689 269 interris.
709 210 736 267 t.
755 186 939 301 xxxiii.
1000 208 1077 284 351
1107 130 1111 137 ὁ

54 353 106 433 sui
121 352 199 439 aevi
225 345 412 427 oraculum
434 348 570 441 [istam.
599 350 643 431 ad
669 350 881 429 animandos
904 349 1024 429 fideles
1045 355 1083 430 in

55 464 195 544 bellurn
223 461 378 538 fandum
406 467 540 561 egerit,
581 466 705 542 urbem
732 482 850 540 tarnen
873 461 1084 566 Hierosoly·
1183 556 1185 560 .

55 573 435 656 oritanam'Saladinus
464 579 619 655 irritatus
651 576 853 675 principum
886 575 1083 653 latinorum

56 687 204 792 perfidia
233 707 289 761 an.
319 697 434 782 ¹¹87·
466 692 623 785 recepit3
653 686 790 786 aliaque
812 711 880 788 qua
903 689 982 764 data
1000 711 1085 787 por.

57 819 92 878 ta
116 803 152 874 io
174 793 361 875 Eceiefiam
383 801 561 874 irruerunt
582 796 714 910 inferis
752 797 980 899 Percepirnus
1006 825 1086 875 rno-

20 900 23 907 ’
57 912 109 989 do
131 908 416 987 Manichaeotorn
439 907 584 986 illorum
613 904 830 996 colluviem,
861 914 923 1011 qui
939 935 984 987 ex
1000 908 1086 988 Bul·

58 1027 180 1123 garia.
199 1037 308 1118 gente
325 1016 513 1118 Scythica.
542 1021 662 1099 seculo
682 1020 878 1098 undecimo
896 1018 1084 1099 Eccleiiant

58 1132 344 1215 inundaverunt,
376 1145 417 1208 ut
443 1132 568 1210 odium
587 1136 622 1208 in
642 1131 850 1231 pontificem
874 1129 1084 1214 Romanurn

59 1242 219 1323 Eccleiiae
238 1240 423 1318 catholicae
446 1266 579 1342 caput,
617 1260 652 1320 et
676 1247 819 1321 unitatis
843 1260 1008 1323 centrum
1029 1246 1086 1320 in·

59 1357 243 1457 spirarent.
301 1350 430 1453 Estque
452 1355 532 1431 hoc
564 1353 786 1454 singulariter
803 1356 1085 1455 observandum.

60 1466 164 1567 quod
193 1489 276 1543 cum
307 1469 426 1565 primo
456 1465 646 1543 christiano
678 1467 840 1546 milliario
868 1474 925 1545 tot
946 1483 995 1567 'et‘
1012 1481 1086 1546 taor

62 1577 195 1656 diversa
214 1575 294 1652 fidei
330 1580 444 1673 capita
471 1580 506 1654 in
530 1577 807 1655 controverfiam
841 1579 908 1656 {int
931 1592 1085 1677 vocatur

61 1688 206 1767 hereses
230 1684 373 1762 infinitae
392 1690 660 1789 propemodum
682 1693 849 1790 deinceps
874 1694 942 1766 iarn
969 1690 1086 1790 ipsum

60 1797 219 1879 Ecclesiae
242 1799 517 1877 fondamentum
538 1804 573 1875 in
598 1799 756 1878 Eccieiiae
779 1806 914 1898 capite,
943 1801 1091 1877 ordine-
1136 1797 1139 1800 ⁴

62 1936 134 2012 que
169 1906 407 1989 hierarchice.
430 1935 472 1990 aa
512 1912 706 1990 ministerio
749 1909 981 1990 ecciefiastico
1021 1908 1089 1987 sint

60 2020 243 2125 aggreffae.
729 2016 732 2021 ’

144 2224 297 2310 Ineunte
322 2233 433 2309 iiatinr
459 2231 522 2310 sec.
555 2228 641 2311 xii.
673 2225 915 2311 Tanchelinua
943 2181 1090 2335 quidant
1149 2252 1154 2259 ·

62 2344 296 2422 ministerium
320 2346 571 2444 episcoporum
592 2359 627 2421 et
646 2345 865 2422 sacerdotum
884 2348 1005 2431 inane,
1027 2369 1094 2425 nec

63 2481 82 2534 a
108 2457 251 2533 Christo
278 2458 475 2533 institutum
502 2456 570 2534 eise
592 2457 779 2534 diuirabnt.
815 2455 918 2535 ¹Fuit
944 2458 1001 2534 hic
1026 2457 1095 2533 ho·

63 2591 129 2643 nro
156 2592 265 2644 vanus
285 2585 319 2642 et
339 2569 478 2655 lautus,
508 2572 569 2668 qui
590 2567 649 2643 etfi
671 2592 753 2643 cunr
776 2569 859 2643 fastu
881 2571 924 2643 ad
946 2584 1092 2666 captan-

65 2681 154 2755 duru
187 2680 376 2776 plebeculae
400 2679 559 2754 favorem
591 2679 735 2776 stipatus
762 2680 873 2756 tribus
898 2678 1092 2756 hominurn

65 2789 221 2867 millibus
245 2789 410 2867 inceffiffe
436 2791 593 2875 dicatur,
627 2811 749 2888 parona
777 2807 895 2864 tamen
917 2789 1094 2887 proficere

65 2919 230 3002 poterat3
259 2903 362 3001 quod
392 2907 453 3001 qui
482 2920 709 2978 tunctorum
737 2899 983 2999 potiebantur,
1017 2900 1096 2977 haer:
1217 2951 1220 2958 -

65 3016 238 3112 quaeipie
267 3013 508 3090 Taucheiinus
539 3011 795 3112 praeseferebat,
826 3011 1094 3110 inditabatque.

65 3128 191 3224 potius
216 3129 251 3202 in
280 3130 343 3211 iis,
387 3130 448 3224 qui
475 3122 658 3225 religionis
684 3125 906 3222 satagebant,
929 3119 1098 3198 'inceffo-

65 3252 171 3321 rent.
203 3254 239 3312 et
262 3236 505 3312 abhorrerent.
565 3234 680 3315 Omni
696 3235 857 3335 profeiio
874 3257 992 3311 retum
1008 3256 1097 3333 pro·-

66 3351 216 3446 prietate
242 3348 457 3449 spoliatum,
501 3346 581 3424 solis
616 3348 762 3423 decimis
790 3364 832 3423 et¹
848 3347 1096 3445 oblationibuu

65 3459 233 3534 ordinem
263 3458 531 3535 ecclesiasticum
563 3473 776 3536 contentum
809 3464 925 3534 vivere
954 3456 1099 3533 volebat

65 3565 245 3648 Henricus
274 3569 318 3646 V.
340 3573 400 3669 qui
426 3586 466 3648 ut
492 3594 546 3647 an.
584 3573 764 3658 1105.io
793 3587 929 3669 patrem
957 3569 1100 3693 rebellia

67 3685 215 3766 vinciri,
250 3683 493 3783 custodirique
519 3697 614 3760 eunt
634 3681 735 3767 fecit,
782 3685 827 3758 ita
849 3685 954 3758 etianr
977 3682 1097 3781 postea

65 3793 105 3867 in
126 3790 258 3869 italiarn
280 3795 494 3879 adventans,
513 3808 553 3870 ut
571 3792 810 3870 investituram
830 3792 981 3871 Pui'chali
1006 3790 1048 3874 il.
1061 3795 1097 3877 P.

65 3919 325 4006 extorqueret,
343 3906 462 3986 rioilo
479 3904 620 3984 summo
632 3902 796 4008 pontifici
815 3923 971 3986 mortem
991 3911 1096 3988 etiam

931 4041 1043 4098 turna-
