2506 4958
161 228 311 310 regnum
340 194 468 304 diruti
489 212 529 288 in
551 206 668 289 terris.
689 228 717 289 e.
739 202 887 290 XXIII.
1005 228 1082 309 ¹79

53 428 78 473 „
106 388 185 455 tum
216 370 353 461 video,
386 373 466 472 plus
496 375 591 472 apud
623 398 690 449 nos
725 374 919 451 hominurn
960 394 1077 454 metus

53 546 77 585 ‚‚
105 484 244 589 potest,
269 506 376 583 quam
396 487 591 583 gehennae,
608 501 643 561 et
662 487 869 563 futurorum
886 486 1078 588 supplicio·¹

51 622 199 695 „rum
269 594 460 697 Propterea
496 597 573 673 sane
612 602 734 672 omnia
777 617 923 683 contra.
967 621 1076 699 quam
1161 636 1165 645 ·

52 764 78 808 ,‚
106 712 251 796 deceat,
290 708 506 785 sehabent:
539 725 577 784 nt
608 709 722 784 civilia
752 711 897 808 quidem
931 716 1079 808 negotia

53 876 78 917 „
107 819 251 921 singulo
278 842 424 921 quoque
457 823 514 896 die
545 814 806 915 diligentissime
834 820 1080 901 administren-

52 987 78 1030 „
107 951 191 1020 tur.
223 956 340 1032 neque
373 928 429 1007 illa
468 951 625 1032 unquam
662 937 781 1008 omitti
814 930 954 1027 videar3
981 938 1079 1035 spiri·
1191 968 1196 977 ·

42 1099 78 1141 ¹„
108 1046 256 1123 tualium
276 1044 475 1121 veronulla
498 1045 601 1124 nobis
619 1047 711 1119 ratio
734 1038 911 1121 habeatur.
926 1100 947 1138 „
1006 1045 1080 1125 Lo.

54 1158 180 1260 quitur
202 1157 247 1233 de
268 1157 450 1232 bonorum
478 1155 729 1254 temporalium
753 1158 1078 1248 administratione,
1106 1204 1109 1209 -

56 1286 166 1369 atque
190 1270 356 1366 deinceps
380 1270 414 1342 in
439 1290 502 1343 eos
530 1263 733 1350 invehitur.
759 1273 820 1366 qui
852 1293 889 1345 ea
917 1272 1080 1346 sacerdo.

55 1384 152 1459 tibur
188 1380 374 1465 inviderit,
405 1376 537 1476 singula
572 1378 621 1453 rel
662 1382 831 1479 utrinque
868 1398 980 1479 capita
1016 1406 1081 1480 per

57 1491 235 1589 integram
267 1487 361 1565 illam
393 1486 578 1566 homiliam
613 1490 876 1589 perstringens,
908 1495 941 1568 in
970 1492 1082 1570 Evan-

56 1600 208 1703 gelian)
231 1604 316 1679 item
355 1596 450 1678 ludar
486 1603 683 1701 proditoris
720 1606 875 1700 graviter
909 1604 1080 1683 incesl'enu

55 1716 261 1800 avaritiam.
306 1703 481 1814 fintulque
520 1716 554 1788 in
597 1714 819 1812 principibus
856 1714 1077 1794 sacerdotum

59 1823 345 1927 perversitatem,
376 1830 439 1925 qui
473 1825 504 1899 se
528 1824 732 1922 religiosum
761 1815 920 1901 officium
950 1833 1080 1925 praellia

57 1936 136 2015 tilse
156 1936 363 2023 censebant,
394 1936 494 2036 quod
516 1954 560 2010 ex
585 1938 729 2032 triginta
754 1940 931 2032 argenteis
950 1961 1079 2033 agrurn

59 2054 96 2128 in
126 2046 339 2148 sepulturam
359 2048 634 2147 peregrinorum
664 2041 834 2122 emissent.
893 2044 983 2124 Suiir
1006 2051 1082 2130 hirc

56 2186 99 2238 ea
125 2164 264 2237 circiter
301 2176 486 2259 tempora,
517 2172 596 2258 quae
629 2160 697 2233 lani
718 2158 818 2256 supra
853 2160 897 2235 ab
936 2159 1081 2241 Ottone

60 2266 268 2369 frisingensi
295 2268 335 2363 d)
373 2286 493 2348 notata
527 2262 797 2347 intelleximus:
839 2290 937 2348 anno
971 2279 1079 2351 etiam

61 2385 201 2482 praecise
231 2397 358 2459 notato
397 2393 484 2472 388.
522 2400 625 2481 qud,
659 2373 834 2460 Gratiano
871 2386 1077 2474 interludo.

58 2492 286 2574 Theodosius
305 2497 495 2594 imperium
523 2488 615 2570 solus
638 2493 816 2580 obtinuit,
838 2498 968 2595 quibus
1004 2503 1076 2587 uit,

56 2658 80 2700 n
112 2608 236 2683 diebus
267 2609 387 2681 civitas
425 2600 554 2682 Chrilll
596 2597 715 2702 sopitis
753 2618 824 2681 tam
857 2606 1077 2696 l'orensibus.

56 2770 80 2811 ‚‚
110 2738 218 2819 quam
243 2714 402 2794 civilibus
427 2716 547 2801 anilia.
576 2710 721 2815 plenum
745 2716 913 2814 gaudium
937 2742 1081 2817 pacem.

57 2880 81 2923 ⁵,
110 2852 182 2930 que
205 2829 392 2928 perl'etlam
425 2827 553 2909 habete
579 2833 702 2926 coepit.
718 2876 740 2918 „

152 2988 316 3067 Attamen
359 3008 434 3065 non
481 2984 547 3065 luit
591 2983 756 3066 oninium
800 2981 1079 3089 imperatorum,

57 3122 138 3203 quae
182 3098 379 3177 Theodosil
420 3091 472 3177 dl.
513 3105 645 3199 pietat,
677 3104 712 3175 in
753 3094 842 3178 sacra
881 3106 1006 3187 etiam,
1040 3120 1080 3183 ut

58 3230 149 3289 mox
170 3212 388 3298 ridebimus,
420 3214 667 3289 involantlum.
726 3204 805 3288 Nec
832 3210 927 3311 leges
955 3208 1082 3297 desunt

56 3328 94 3402 ln
118 3325 198 3401 cod.
223 3318 417 3400 Theodosii
440 3328 607 3410 iunioris,
639 3324 767 3425 quilius
791 3316 948 3401 Ecclesiae
975 3346 1082 3406 etiain

56 3431 284 3538 possessiones
305 3434 530 3533 vestigalibus
552 3430 793 3511 subiiciuntur.
855 3437 889 3511 Si
906 3429 1081 3515 tributum

52 3550 173 3646 petit,
206 3540 333 3632 sunto)
354 3550 456 3622 verua
475 3546 507 3623 S.
540 3538 715 3623 Ambrosii
746 3550 781 3622 in
818 3546 917 3623 serm.
954 3567 1080 3630 contra

56 3659 278 3740 Auxentium
306 3655 350 3733 de
377 3652 526 3736 Basilicis
564 3656 772 3746 tradendis,
802 3678 871 3734 nun
903 3658 1079 3765 negarant.

97 3874 133 3953 n)
157 3870 243 3937 Hom.
266 3865 436 3937 lxxxiii.
462 3764 688 3937 ειῇἱῑξζΧΧΝ.
705 3884 735 3935 et
751 3864 919 3938 lxxxii.
943 3772 1079 3943 llilgmatt·
1155 3854 1158 3859 Ι

119 3958 156 4022 Τ.
184 3957 245 4019 Vll.
270 3976 297 4036 p.
322 3974 390 4033 793.
415 3968 445 4019 ct
467 3974 492 4032 p.
519 3968 587 4033 807.
612 3961 668 4023 &cr
709 3960 743 4034 d)
764 3955 815 4022 lib.
841 3956 889 4022 iv.
913 3956 975 4024 liisl.
995 3962 1076 4044 prob

141 4059 168 4105 c.
195 4052 241 4115 ιε.
283 4044 314 4119 r)
337 4038 373 4105 T.
397 4038 433 4103 n.
456 4057 486 4118 p.
511 4052 580 4119 872.
691 4118 699 4131 ⁶
