2506 4958
10 39 191 217 r·

83 190 122 303 ‚s
234 246 386 324 regnum
406 221 536 314 euritii
556 225 598 301 in
619 224 740 302 terris.
756 175 786 302 ε.ι
807 216 930 304 XLII.
1041 248 1099 329 49

62 392 116 471 dit
137 387 353 472 Ecclefiam‚
382 412 455 484 qua
472 384 706 485 progreditur
730 385 826 484 quoti
848 412 984 465 aurore
1011 414 1094 469 con·
1154 396 1157 402 ’

48 504 226 605 surgens,
268 499 394 596 pulcro
421 512 460 575 ut
482 499 592 587 luna,
633 498 736 576 eletio
758 513 798 575 ut
810 497 886 594 sol,
917 500 1095 596 terribilis

52 628 97 697 ul
120 613 315 701 cultrorum
339 612 428 688 acies
451 612 627 689 ordinato.
670 609 775 690 Cant.
806 610 871 690 vl.
898 636 936 704 9.

142 775 297 855 Felicius
322 778 358 851 in
381 773 540 851 concilio
570 771 784 851 Florentino
807 768 935 852 cesfilse
956 773 1026 855 vile
1042 774 1095 857 est

56 892 150 969 unio
166 886 381 966 Graecorum
407 886 708 963 schismaticorum
727 884 803 986 ipso
828 887 999 986 presente
1024 892 1098 968 im.

55 1020 245 1104 peratore,
285 999 527 1074 Armenorum
550 1000 636 1073 item
657 1014 765 1097 atque
798 994 1039 1078 lacobitarum
1057 1015 1097 1084 et

59 1111 302 1193 Abiffinorum
319 1109 556 1210 AEthiopum,
589 1106 651 1184 nise
667 1103 908 1188 florentissima
930 1111 987 1189 ille
1003 1115 1098 1194 olim

57 1223 245 1309 Ecclesia„
281 1239 389 1323 atque
418 1227 523 1298 etiam
552 1221 745 1320 imperium
775 1221 948 1300 orientale
983 1225 1105 1304 veluti·

61 1341 220 1414 termino
242 1332 306 1410 suo
338 1334 434 1411 letali
461 1332 582 1410 seculo
606 1332 679 1410 hoc
702 1326 791 1411 XV.
831 1331 977 1412 tandem
1009 1359 1101 1437 pro·
1154 1378 1157 1389 ·

61 1444 280 1550 pinqualset‚
311 1446 536 1546 superbiente
556 1448 623 1521 iam
645 1461 780 1523 etcum
803 1444 987 1525 schismate
1006 1472 1100 1529 con-

57 1558 330 1638 tlillantealec.
352 1557 398 1634 V.
421 1557 605 1659 persuum
624 1557 830 1635 milliarium
852 1558 970 1659 quase,
996 1564 1099 1665 regia
1159 1600 1162 1605 ·
1238 1632 1240 1645 ,

61 1669 307 1770 urbeCpoli,
350 1671 460 1747 veluti
480 1693 574 1747 nova
604 1668 1097 1756 RomaaConstantinoM.

62 1780 460 1868 extrutla,dumafine
472 1805 587 1881 porro
602 1781 665 1858 sec.
680 1779 745 1859 lV.
763 1781 960 1883 separatum
974 1785 1101 1866 aboo-
1234 1794 1237 1799 '

61 1893 360 1974 cidentalilatino
390 1895 582 1993 imperium
611 1891 782 1971 Graecum
805 1896 1102 1978 constitueretur..

61 2006 198 2108 Operae
232 2007 390 2103 pretium
419 2004 558 2092 suerit,
600 2005 780 2081 excidium
817 2005 923 2085 huius
953 2010 1098 2108 imperil

62 2137 167 2219 capta
194 2115 305 2215 Cpoli
341 2115 456 2192 verbis
490 2114 529 2194 P.
561 2112 613 2195 Le
638 2115 761 2211 Quien
792 2118 829 2194 in
862 2118 1098 2199 eruditiffimo

63 2254 194 2332 opere,
230 2226 336 2305 Orbis
370 2223 577 2316 chritianus
605 2224 644 2318 u)
668 2228 839 2330 inscripto
860 2230 920 2309 hic
940 2226 1098 2312 referret

62 2402 85 2439 „
115 2342 328 2444 Expugnare
354 2341 410 2417 illa
430 2341 479 2418 ell
495 2364 513 2416 a
530 2339 680 2418 Sullano
708 2339 944 2421 Machumete
961 2343 1003 2422 ll.
1034 2368 1099 2422 an·-

62 2514 86 2551 ,‚
119 2481 166 2531 no
192 2454 351 2541 mundi.
383 2471 423 2532 ut
444 2453 560 2532 Gtaeci
591 2468 806 2542 numerant,
850 2453 961 2533 sexies
979 2456 1099 2535 mille.

61 2627 86 2663 ,,
114 2566 203 2644 fimo
231 2565 483 2642 trecentesltno
510 2564 730 2664 sexagesimo
756 2569 899 2665 primo,
939 2567 1098 2666 vulgaris

62 2738 85 2775 ,‚
117 2703 202 2772 vero
223 2700 298 2754 aerae
321 2680 447 2753 nostrae
469 2696 583 2768 ¹453·
614 2677 673 2752 die
691 2675 861 2774 vigesima
881 2703 978 2758 nona
996 2703 1100 2758 men·

62 2849 86 2885 „
117 2790 158 2864 fis
181 2788 291 2874 Maii,
319 2788 415 2864 feriae
434 2787 546 2865 tertiae
562 2789 641 2885 post
657 2790 877 2887 pentecostes
898 2791 1101 2870 hebdoma-

64 2960 88 2998 ,‚
118 2902 199 2977 dem
233 2900 360 2975 sacram
386 2902 501 2976 initio.
562 2897 806 2977 Mulelmanni
825 2900 873 2977 illi
902 2901 975 2982 fine
995 2928 1100 2984 mora

63 3072 87 3112 „
119 3017 154 3090 in
176 3012 448 3089 christianorum
489 3010 621 3111 temple
642 3014 753 3113 impie
782 3033 886 3090 more
916 3014 981 3092 suo
1002 3017 1101 3113 gres·

66 3183 90 3220 „
118 3126 176 3203 sati
199 3124 298 3217 lunt3
331 3123 493 3224 illudque
510 3118 713 3224 imprlmis,
743 3128 845 3225 quod
865 3122 935 3204 Dei
950 3127 1101 3227 Sapien-

64 3296 88 3332 „
116 3241 171 3314 tiae
203 3253 341 3313 aeternae
369 3236 528 3319 dicatum
602 3253 662 3322 at,
704 3238 1103 3318 miserendumlnmo·

64 3407 89 3442 ,‚
117 3351 204 3424 dum
232 3350 430 3450 direptum,
462 3258 765 3448 prostratumque
783 3349 860 3436 cll,
889 3373 931 3429 ac
954 3347 1100 3441 deletis,

67 3515 90 3552 ‚‚
121 3475 307 3559 quotquot
334 3462 371 3534 in
398 3483 443 3535 eo
472 3475 572 3536 erant
596 3458 773 3536 christianl
803 3466 891 3538 ritus
922 3464 1100 3559 vestigiis,

68 3627 90 3665 ,‚
121 3574 156 3644 in
180 3571 248 3646 suae
269 3571 528 3669 superstitionis
564 3571 778 3659 delubrum,
809 3574 909 3674 quod
941 3572 1104 3652 Moschi.

67 3739 90 3776 ‚,
121 3697 192 3757 tam
224 3683 375 3770 dicunt,
421 3681 492 3759 five
525 3683 746 3760 adorationis
782 3683 961 3770 domum,
1013 3684 1103 3766 illud

67 3852 90 3887 „
121 3809 389 3872 converterunt.
448 3792 498 3873 Ea
519 3818 605 3872 vero
624 3797 768 3875 interim
793 3796 865 3875 fuit
892 3819 958 3899 per
980 3799 1105 3879 civite·

67 3905 176 3984 Tou.
211 3903 253 3982 ll.
561 3904 600 3986 D
917 3962 942 4005 ω
971 3924 1048 3989 tem

115 4019 149 4094 a)
171 4014 206 4078 T.
233 4016 256 4082 l.
280 4036 305 4081 e·
331 4035 380 4098 19.
402 4036 432 4097 p.
458 4036 524 4098 ¹45·
