2506 4958
173 162 326 291 reguum
349 174 478 282 cirria·
496 190 670 271 interris
693 211 728 268 a.
757 176 902 270 XXVl.
1018 200 1097 283 aaa
1172 206 1175 211 ‘

57 411 82 466 „
114 357 159 435 ab
180 356 289 433 ⁴lrnile
311 355 498 433 luxuriam
527 352 751 456 repressistis:
782 352 982 455 perdidistis
1004 352 1107 434 'atrii-

59 523 84 566 „
116 478 227 548 ta'tem
261 468 494 556 calamitatis,
531 473 576 546 et
603 468 790 546 miserrimi
820 466 900 544 sadi
935 467 1034 555 estis,
1066 482 1104 545 et

28 651 31 655 ,
58 640 83 679 ‚,
116 576 252 684 pelsrmi
276 579 550 680 permansistis,
604 581 664 660 Ne
680 582 758 658 haec
775 578 869 657 solos
892 577 1104 677 idololatras
1143 653 1150 667 ,

60 700 216 783 attinere
241 690 471 780 viderentur,
513 695 590 792 agit
611 716 702 770 mox
724 716 800 793 cap.
835 700 899 781 35.
926 695 1034 769 etiam
1055 691 1104 769 dc

53 804 158 909 falsis
176 810 281 883 iutra
308 802 488 900 Ecclefimn
506 801 724 895 chripliauis,
748 809 817 907 ·qoi
843 804 889 881 ad
916 809 1104 884 civitatem

58 919 211 1000 alteram
233 919 338 996 huius
365 919 489 995 mundi
515 919 649 996 scilicet
668 921 877 1018 pertinent,
908 919 971 1012 qui
993 921 1104 997 atram

60 1056 145 1111 aum
175 1029 274 1130 ipsis,
305 1033 446 1131 inquit,
476 1024 631 1106 inimicis
659 1028 828 1128 adversus
856 1026 972 1106 Deum
1002 1044 1105 1107 urar.
1136 1022 1141 1031 '

63 1166 213 1222 murare
236 1157 308 1219 unu
331 1141 511 1220 dubitaui.
570 1142 625 1219 Ad
644 1167 739 1244 quos
761 1167 891 1220 omnes
914 1143 1105 1221 revincen-

62 1257 134 1335 dos
163 1254 407 1356 compositum
425 1256 481 1332 est
507 1251 645 1355 infigne
670 1241 758 1332 illud
787 1255 1001 1334 decivitate
1032 1250 1106 1341 Dei

62 1393 161 1470 opus
178 1366 219 1447 8.
241 1363 459 1468 Augustini,
490 1366 589 1444 libris
614 1365 741 1447 XXl'l.
762 1367 957 1472 dequibus
982 1375 1017 1447 in
1038 1374 1101 1460 lib,
1200 1448 1206 1457 ,

65 1476 260 1560 Retradat.
285 1505 316 1557 r.
338 1499 403 1573 43.
424 1498 503 1556 cum
528 1476 619 1569 int,
645 1482 786 1582 inquit,
817 1482 858 1558 de
882 1493 1035 1581 utraque
1053 1489 1107 1563 ci.

63 1597 182 1670 vitate
212 1589 417 1690 conscripti,
447 1592 593 1668 titulum
627 1603 744 1670 tamen
766 1594 814 1670 de
838 1595 984 1673 meliora
1009 1621 1105 1677 aare.
1152 1602 1157 1609 ’

61 1716 205 1806 parunt.
253 1700 337 1782 Huc
353 1704 489 1807 iaciant
505 1703 698 1806 conscripti
719 1706 848 1782 eodem
868 1707 1007 1787 suasore
1020 1710 1108 1793 libri

65 1811 150 1893 Vll.
165 1817 389 1896 historiarum
406 1814 656 1903 PauliOrolii,
676 1818 738 1896 ubi
751 1817 915 1915 perhibet
931 1821 1023 1910 else,
1040 1828 1105 1920 qui

63 1927 315 2035 maliutiuter
338 1926 509 2006 barbaras
527 1941 718 2029 pauperem
741 1926 964 2020 libertatem,
995 1957 1104 2030 quam

64 2045 165 2121 iuter
190 2040 362 2119 Romanas
383 2038 619 2117 tributariam
630 2037 903 2136 solicitudinem
918 2041 1102 2142 supinaret

62 2179 165 2256 quos
185 2155 369 2234 Salvianus
386 2176 480 2254 pene
506 2167 634 2230 omnes
654 2154 803 2232 maioris
830 2166 950 2235 reatus
977 2168 1012 2234 et
1031 2162 1105 2237 cri·-
1191 2150 1198 2230 Ῐ

64 2265 262 2355 minoioris
279 2270 361 2344 vita
385 2262 468 2367 effe,
498 2280 603 2362 quam
619 2261 809 2354 barbaros,
840 2267 956 2369 palam
973 2266 1012 2359 al
1028 2272 1106 2349 edi.

63 2383 140 2467 tit,
172 2405 230 2458 eas
253 2383 424 2456 nimirum
442 2391 597 2478 gentes,
629 2401 709 2480 qaae
732 2393 821 2457 tunc
843 2377 1014 2461 Romano
1035 2387 1106 2464 im.

68 2494 173 2592 perio
198 2494 370 2593 parebant
396 2497 486 2567 intra
512 2489 671 2578 ltaliam,
703 2489 875 2581 Galliam,
903 2492 1103 2597 Hispanias,

66 2603 227 2712 Africam
248 2605 319 2682 dre.
377 2603 508 2704 Neque
528 2605 624 2679 enim
654 2600 810 2680 Romani
835 2607 963 2705 papali
984 2604 1106 2712 appel.

65 2716 157 2792 latio
188 2718 282 2816 apud
313 2715 521 2793 Saluianum
555 2714 756 2791 coercenda
793 2716 917 2794 estad
950 2721 1103 2814 urbem,

67 2852 178 2928 quam
209 2829 334 2905 dicunt
357 2824 541 2912 Romam,
572 2827 762 2926 postquam
794 2830 977 2908 universus
1003 2836 1105 2914 orbia
1177 2852 1178 2857 ‘
1214 2871 1218 2878 ’

66 2944 146 3017 iore
169 2938 346 3017 Romanae
377 2941 528 3016 civitatis
553 2937 717 3016 donatus
743 2941 814 3028 est,
859 2956 902 3020 ut
936 2940 1107 3027 Baluziua

68 3053 220 3130 adnotat
246 3054 289 3127 ad
311 3056 465 3130 'citatam
493 3049 642 3128 Salviani
683 3051 820 3131 locum.
880 3052 968 3130 Vita
982 3061 1106 3150 enim,

66 3165 203 3241 ibidem
235 3169 353 3263 pergit
380 3163 583 3251 Salvianus,
625 3175 664 3238 ut
683 3165 786 3252 dixi,
818 3175 851 3241 et
874 3162 1026 3263 pereatis
1041 3168 1108 3270 su.

70 3298 149 3352 mus
176 3276 386 3362 deteriores,
425 3274 499 3371 lega
525 3287 642 3350 aurem
671 3275 842 3354 catholica
868 3277 942 3371 pua
968 3298 1108 3381 compa.

69 3390 211 3464 ratione
234 3387 404 3466 nulioret.
463 3384 664 3474 Praetereo,
695 3413 804 3490 quarn
828 3415 920 3469 mox
940 3416 1017 3492 cap.
1044 3417 1105 3491 ¹4·

68 3504 380 3599 comparationem
399 3498 591 3598 singilatim
620 3500 788 3578 instituit:
832 3527 957 3603 quave
980 3506 1040 3585 lib.
1055 3505 1104 3589 V.

68 3615 262 3713 praeferam
290 3616 333 3690 ad
360 3630 436 3689 rem
467 3611 565 3689 velut
593 3632 638 3687 ex
668 3611 825 3712 profesio
853 3614 1004 3707 disserit,
1035 3620 1108 3700 hae·

68 3728 267 3801 reticorurn
291 3729 328 3802 in
351 3725 520 3804 Romano
542 3728 716 3825 imperio,
747 3751 817 3828 qua
840 3726 909 3806 late
931 3734 1106 3813 nimirum

68 3861 134 3939 per
162 3835 356 3918 Orientem
385 3837 578 3941 praesertim
606 3842 774 3937 patebat,
804 3837 892 3920 fatla
920 3849 1107 3945 exceptio-

112 4053 147 4134 α)
165 4052 210 4118 De
235 4052 387 4136 gubernat
414 4054 470 4120 Dei
494 4052 546 4121 lib.
573 4051 624 4120 is.
646 4072 673 4119 c.
699 4067 748 4137 ¹³·
983 3976 1050 4037 ne·
