2506 4958
93 538 183 639 '14‘
301 638 305 643 ¹
418 524 569 629 &chio
582 528 758 643 ‚militm
844 562 861 645 '.
1134 606 1137 611 .

95 726 143 785 ac
161 699 278 781 tribon
299 719 357 779 οι
384 692 646 801 apocalypticia
671 696 710 775 io
738 692 875 777 Roma
893 698 1025 777 veteri·
1054 722 1148 803 pro·

7 816 15 855 '
95 814 190 897 unc
210 815 334 901 ruina,
360 812 560 891 meretricio
581 831 626 891 nc
646 804 844 913 Babylonia
863 810 1145 914 apocalyptica:

98 929 161 1009 coi
188 924 408 1007 Pastorioioa
432 923 620 1023 geminam
647 923 770 1023 iungit
794 920 952 1025 Cpoiin.
982 922 1146 1007 Romam

98 1058 234 1123 nomm
255 1034 415 1125 distem,
444 1036 509 1113 ubi
530 1030 741 1115 Romanum
762 1035 959 1135 imperium
990 1034 1150 1123 substitit

97 1146 484 1231 demonumdemom
499 1145 567 1226 sec
583 1142 986 1231 xvannnumeteu.
1002 1146 1148 1232 Turon-

99 1286 186 1345 rom
199 1263 288 1361 imo
305 1258 433 1363 phiale
447 1271 583 1363 quarta
601 1256 731 1347 instar,
751 1256 894 1359 epocha
908 1275 1037 1360 quarm
1051 1263 1151 1345 effo-

12 1454 22 1463 ,
98 1372 260 1477 insuper
272 1374 468 1473 imperium
480 1366 745 1472 Eccleiiamque
753 1370 968 1450 orientalem
978 1371 1149 1455 schisma-

1 1476 8 1529 ’·
99 1488 234 1575 ticam.
253 1482 359 1587 super
373 1478 532 1562 Romam
545 1504 678 1583 nempe
692 1478 991 1585 Babylonemqoe
1006 1508 1147 1570 novam

99 1594 239 1701 cpolin
260 1618 326 1699 pet
348 1592 681 1675 Mabomedanoaa.
696 1612 745 1673 ex
761 1595 895 1696 quibua
908 1598 1022 1721 fciam
1039 1597 1148 1679 Anti-

1 1737 3 1742 ·
33 1750 39 1763 ·
100 1708 275 1793 ditistum
295 1708 479 1789 oritorum
503 1704 617 1789 sciscit
638 1702 856 1785 Pastorioiua
883 1708 1025 1809 epocha
1046 1709 1148 1793 sexta

101 1810 419 1925 iamptopinqoa',
438 1817 584 1923 epocha
598 1818 726 1920 quinta
740 1816 806 1898 suo
821 1822 1002 1913 termino,
1031 1845 1147 1925 quem

6 1936 12 1945 '
103 1932 184 2015 ons
201 1929 345 2037 precise
359 1928 580 2035 definitpost
599 1952 717 2010 aonoa
737 1950 799 2020 ςο.
826 1930 1020 2023 fumeum,
1052 1930 1148 2017 Pro·

44 2108 49 2117 .
102 2040 311 2127 testantin‘m
333 2042 493 2131 scilicet,
531 2064 619 2123 com
638 2040 804 2145 pluribus
822 2054 908 2123 ante
921 2044 1038 2148 ipsum
1060 2045 1148 2127 scri·

30 2194 47 2237 e
103 2158 273 2263 ptotibua
289 2154 436 2251 fumum
451 2152 557 2235 ilium
578 2156 702 2258 putei,
731 2154 780 2233 de
800 2178 880 2258 quo
900 2159 1070 2237 exierunt
1086 2158 1149 2239 io·

6 2298 11 2309 ·
101 2268 211 2351 custo
228 2268 267 2346 in
282 2276 413 2347 tetram
429 2262 471 2362 o)
485 2265 621 2368 angelo
635 2268 768 2368 quinto
785 2270 872 2347 tuba
883 2283 1054 2360 canente,
1069 2270 1148 2353 huc

103 2385 381 2483 interpretatus3
411 2379 500 2459 dum
523 2394 654 2458 contra
680 2377 920 2458 Protestanten
944 2381 1147 2484 antefigna.

103 2519 156 2573 no
186 2492 351 2572 Luthero
378 2489 582 2570 Romanam
620 2489 811 2570 Eccleiiam
842 2492 1147 2578 antichristianam

104 2603 226 2709 passim
244 2605 402 2683 statuunt
417 2627 458 2680 ac
477 2602 634 2681 Romam
654 2603 879 2683 christianam
898 2603 1144 2708 Babylonem.

105 2718 408 2815 meretriccmque
426 2714 733 2817 apocalypticam:
766 2739 836 2817 qua
856 2731 977 2795 tamen
999 2722 1036 2795 in
1055 2724 1147 2801 urbe

106 2827 275 2908 maenus
309 2830 605 2928 non-interrupta
634 2823 722 2906 aD.
745 2826 855 2906 Petro
884 2829 1050 2909 successio
1081 2859 1147 2933 pa.

106 2941 178 3019 lam
201 2940 235 3019 se
263 2941 478 3019 ostentatio
505 2943 770 3019 communione
793 2937 953 3020 Ecclefiae
974 2944 1020 3020 ab
1043 2944 1146 3046 Apo-

106 3054 206 3133 stolis
228 3054 330 3142 satae,
375 3077 459 3133 cum
490 3055 622 3154 quibua
645 3049 684 3142 b)
711 3051 746 3129 se
769 3053 934 3131 futorum
964 3052 1146 3157 usquead

106 3165 458 3246 consummationem
481 3165 588 3245 seculi
612 3163 795 3267 promifit:
825 3163 913 3244 dum
940 3169 1149 3248 constanter

105 3276 271 3360 Romana
290 3280 386 3356 sedes
407 3283 445 3356 in
468 3294 590 3357 mente
615 3278 761 3362 habuit.
805 3278 908 3380 quod
927 3275 962 3367 c)
978 3278 1144 3360 Christua

104 3395 339 3473 commonuit
368 3390 537 3490 angelum
561 3387 824 3478 Sardicensem.
864 3389 1041 3487 qualiter,
1069 3396 1146 3482 ait,

105 3508 296 3603 occeperis,
328 3513 363 3583 et
381 3502 536 3578 audieris
551 3499 728 3598 etservo,
757 3500 965 3603 depofitum
985 3503 1143 3595 scilicet.

106 3617 208 3722 quod
226 3617 271 3694 ab
292 3614 552 3716 Apostolorum
578 3614 801 3716 principibus
821 3618 970 3715 accepit.

186 3778 328 3858 Frustra
352 3799 440 3855 vero
469 3778 675 3876 proximam
700 3776 839 3854 ruinam
863 3771 1022 3855 Ecclefiae
1045 3773 1144 3856 illius

106 3889 264 3970 fundatae
293 3891 394 3990 supra
423 3887 561 3967 firmam
592 3903 729 3990 petram
751 3891 788 3965 in
815 3888 894 3967 sede
917 3887 1014 3967 Petri
1046 3893 1146 3965 omi·

105 4021 237 4081 nantur
256 4002 368 4081 hodie
386 4005 539 4090 iterum,
570 4001 678 4079 veluti
698 4000 848 4078 instante
859 4000 1146 4079 consummatio.

104 4139 152 4195 ne
168 4115 294 4195 seculi:
314 4116 418 4194 cuius
432 4138 500 4194 nos
516 4114 656 4216 periodi
673 4125 882 4216 temporum
898 4115 937 4193 in
952 4115 1147 4302 apergonc

144 4390 181 4471 a)
202 4388 292 4471 ipoc
309 4386 367 4457 IX.
420 4385 577 4470 numu
593 4384 738 4454 xxviii.
764 4403 812 4466 ιφ.
867 4383 1007 4469 ennoe-
1023 4381 1060 4451 11.
1085 4400 1117 4462 a.
