2506 4958
149 436 203 539 ἰς
503 376 648 529 &elafio
681 424 842 515 militans

152 602 218 700 qui
246 593 390 699 profert
420 596 464 674 da
486 595 651 694 thoimoro
664 595 733 696 suo
766 614 863 673 nouo
891 606 927 673 et
956 606 1119 683 odero.
1163 597 1206 677 de

152 736 221 812 quo
252 710 366 809 supro
391 703 500 787 lorini
522 707 658 803 sumus.
717 706 763 785 u
794 709 836 786 do
861 704 1004 799 Eooledu
1029 708 1204 789 coliedurt'

145 824 236 927 sunt
253 815 405 901 zizanio
430 818 587 920 moffores
609 821 662 896 ilii
673 878 684 908 ‚
715 845 788 917 quae
807 819 965 919 permidt
981 843 1059 895 curn
1080 823 1206 899 tritico

149 935 258 1034 timul
282 934 432 1033 cresum
462 931 568 1031 usque
598 933 646 1012 od
670 930 807 1032 meffem
840 934 908 1010 &o
970 932 1065 1026 Quae
1095 932 1207 1035 paulo

153 1065 239 1133 ante
264 1071 310 1129 ex
349 1045 479 1125 eodem
515 1069 627 1144 opere
668 1044 702 1123 S.
723 1043 833 1122 Patris
867 1047 912 1120 de
949 1050 1091 1122 civitate
1133 1043 1207 1127 Dei

21 1208 27 1223 ·
153 1172 185 1241 α’
213 1183 250 1255 7.
282 1163 319 1237 in
348 1160 497 1237 eandem
525 1157 734 1239 sententiam
764 1156 995 1243 attullimus,
1036 1157 1207 1233 videntur

150 1296 202 1359 ex
238 1272 273 1351 S.
292 1269 473 1347 Vitiorini
512 1292 568 1369 ep.
600 1266 867 1347 Petavioneofis
894 1286 930 1345 et
961 1266 1013 1348 M.
1040 1273 1132 1346 circa
1166 1267 1209 1344 fi.

154 1408 240 1462 nem
272 1384 336 1462 iec·
360 1380 420 1458 lli.
454 1381 594 1461 schohie
623 1380 680 1459 seu
709 1383 978 1458 commentariis
999 1383 1035 1455 in
1065 1383 1209 1479 epota.

152 1494 270 1598 lypfin
295 1490 479 1589 expreffa:
511 1510 608 1570 cette
639 1492 683 1569 ad
712 1516 786 1568 rem
827 1515 908 1592 quae
933 1491 1040 1568 habet
1058 1493 1091 1569 S.
1112 1491 1210 1572 Gre.

68 1626 72 1633 ·
155 1613 284 1708 gorius
310 1605 353 1683 Μ
397 1603 457 1681 iib.
489 1602 632 1689 thtt.
667 1603 858 1683 moralium
885 1607 923 1680 in
955 1603 1030 1682 iob.
1062 1629 1096 1681 n.
1139 1617 1205 1697 67.

55 1762 60 1767 ·
151 1773 176 1815 „
206 1716 471 1804 o)Mdienario
503 1719 675 1804 etenim,
718 1718 873 1811 inquit,
930 1740 1086 1792 numero
1127 1740 1207 1792 non

152 1887 177 1928 ,‚
207 1835 445 1932 quantitatem
487 1831 685 1928 temporie,
717 1828 775 1905 sed
810 1825 1098 1915 universitatem,
1135 1851 1208 1929 qua

148 1958 334 2057 regnat
367 1938 546 2029 Ecclesia,
591 1939 798 2039 defignavit.
860 1941 1042 2040 Antiquus
1083 1957 1207 2018 autem

148 1996 348 2151 „serpens
374 2055 505 2151 ligatus
522 2068 645 2129 catena
670 2056 707 2128 in
727 2048 885 2153 abyiium
910 2055 1090 2128 mittitur:
1121 2054 1207 2152 quia

150 2222 176 2263 „
207 2168 376 2265 religatus
399 2164 623 2241 abonorum
646 2165 817 2241 cordibus
845 2163 940 2266 apud
962 2167 1207 2264 reproborum

41 2308 48 2315 ·
150 2334 176 2373 „
206 2297 344 2356 mentes
376 2275 556 2363 reclusus,
602 2279 651 2353 eis
685 2280 842 2353 atrocius
887 2275 1094 2351 dominatur
1131 2278 1205 2355 dcc.

153 2390 231 2479 lam
262 2391 295 2466 S
317 2389 551 2467 Vitiorinnm
579 2389 765 2465 audiamus
789 2392 826 2467 in
856 2404 965 2486 caput
983 2384 1075 2470 XX
1109 2387 1204 2486 Apu

152 2518 482 2592 commentantem:
501 2497 576 2590 d)„
599 2499 652 2579 llii
671 2503 753 2575 anni
769 2502 804 2575 in
827 2503 958 2600 quibus
978 2499 1140 2597 alligatus
1156 2499 1207 2576 est

150 2618 376 2717 ,‚‚Satanas
402 2611 456 2686 isti
473 2611 608 2696 suntin
626 2611 781 2688 adventu
803 2616 923 2709 primo
941 2610 1070 2691 Christi
1093 2613 1206 2711 usque

70 2726 75 2735 “
151 2778 177 2818 ‚,
201 2724 246 2801 ad
263 2727 463 2805 terminum
480 2723 598 2809 seculi,
620 2721 844 2801 milieautem
868 2722 969 2808 didi,
987 2745 1034 2802 eo
1053 2723 1207 2822 loquen-

148 2836 244 2938 „di
260 2835 406 2920 modo,
438 2857 515 2935 quo
536 2857 615 2934 pars
639 2832 855 2940 significatur
877 2860 895 2910 a
916 2832 1129 2919 toto,s1cut
1156 2835 1207 2913 est

157 3002 182 3051 ρ
208 2947 319 3031 iilud:
350 2944 465 3027 Verbi
484 3002 493 3032 ,
510 2947 611 3047 quod
628 2945 831 3025 mandavit
822 2971 858 3022 tn
881 2946 980 3022 milie
998 2950 1208 3047 generatio·

159 3115 184 3155 ,‚
214 3084 303 3143 neo:
324 3083 408 3147 cum
429 3084 505 3135 non
523 3057 590 3136 fint
608 3059 714 3138 mille.
742 3058 858 3153 Quod
879 3075 999 3138 autem
1017 3062 1075 3136 ait:
1094 3059 1207 3137 etmi-

153 3226 178 3267 „
205 3169 246 3260 io
272 3170 369 3247 ilium
397 3173 435 3246 in
466 3169 644 3270 oloyffum,
694 3171 767 3250 hoc
788 3174 926 3272 inquit,
972 3173 1055 3270 quia
1082 3169 1206 3247 diabo-

154 3340 179 3380 „
209 3285 317 3362 bolus
345 3282 506 3365 exclusus
523 3283 572 3368 est
593 3283 847 3368 acredentium
872 3283 1071 3369 cordibus,
1103 3285 1207 3382 carpit

150 3451 177 3499 φ
205 3399 338 3496 impios
357 3392 553 3500 polidere,
586 3398 621 3469 in
643 3420 799 3481 duorum
824 3395 989 3497 quotidie
1004 3397 1105 3477 caecis
1123 3419 1207 3472 cor·

144 3562 172 3603 o
205 3508 310 3587 dibus
340 3526 510 3608 tanquam
526 3505 681 3611 ioabyssi
703 3507 887 3611 profundo
913 3505 1138 3590 inclususest.
1164 3504 1207 3583 Et

135 3673 174 3712 „,
204 3618 353 3706 clausit.
375 3623 516 3724 inquit,
538 3640 574 3699 et
589 3616 738 3717 signavit
759 3620 987 3720 supereum,
1006 3632 1136 3695 utnon
1157 3619 1206 3696 se·

151 3785 176 3824 „
195 3730 344 3809 duceret
362 3747 504 3830 gentes²
518 3731 637 3812 donec
649 3729 817 3809 finiantur
836 3731 934 3806 mille
947 3733 1042 3807 anni.
1058 3787 1080 3822 „
1096 3729 1208 3811 Clau-

144 3897 171 3937 „
198 3839 356 3942 fitsuper
373 3867 481 3930 eum.
513 3843 642 3927 ditium
667 3839 737 3931 eii,
771 3845 807 3919 id
830 3844 898 3931 est,
915 3842 1124 3928 interdixit,
1157 3858 1213 3923 at-

146 4006 173 4052 „
202 3978 275 4059 que
304 3954 499 4051 cohibuit,
532 3980 579 4039 ne
608 3955 752 4039 seducat
778 3956 1001 4058 pertinentes
1031 3957 1076 4030 ad
1101 3952 1210 4038 Chri·

997 4124 1020 4158 ‚,
1057 4069 1147 4142 stum

72 4222 81 4233 -
159 4232 163 4239 -
190 4192 225 4271 a>
246 4187 281 4252 Τ.
308 4187 326 4251 i.
357 4208 384 4268 o·
413 4202 479 4265 588·
507 4191 571 4255 add
589 4189 639 4253 ltb.
664 4191 709 4255 tx
736 4211 761 4255 c.
790 4211 815 4255 ι.
834 4190 866 4254 t.
890 4188 1025 4253 xxxii.
1046 4209 1072 4255 c.
1093 4207 1139 4257 re.
1158 4186 1212 4256 nte

233 4271 366 4339 XXXV.
391 4293 415 4335 c.
440 4295 490 4340 ιο.
535 4282 570 4344 ot
592 4274 626 4339 T.
654 4276 702 4341 lv.
727 4273 802 4343 ubl.
827 4275 879 4347 et.
903 4293 934 4361 p.
959 4283 1008 4354 ος.
