2506 4958
270 229 420 308 regnum
438 199 569 298 Christi
585 203 626 285 in
642 201 763 283 terris.
783 225 811 283 r.
833 198 909 284 LV.
1023 226 1114 305 293·

88 429 97 466 ‚
128 368 241 461 letum
271 373 406 472 inquit,
436 365 558 467 ipsein
573 378 728 465 tempore
737 364 816 466 suo.
872 366 973 446 Nom
987 369 1105 466 myie.

88 541 97 579 ‚
126 488 224 560 rium
249 485 323 558 inm
352 492 529 579 operatur.
587 478 777 559 Neronem
811 479 871 558 hle
895 473 1011 569 didit,
1062 501 1107 570 ut,

88 652 95 688 ‚
127 599 186 696 qui
220 592 262 672 fit
301 609 408 694 typus
443 590 660 671 Antichriiii.
734 591 797 670 llle
824 595 930 670 etiem
962 592 1105 676 volebat

88 764 97 801 ‚
125 707 315 785 existimari
334 704 445 784 Deus.
504 703 744 784 Redeuntem
758 704 872 792 dixit,
887 701 1103 799 myterium,

88 875 102 914 ,
132 819 324 896 nonenim
348 832 488 918 aperte.
520 814 608 894 ficut
630 815 713 904 ille.
744 837 862 918 neque
888 821 992 895 omni
1016 841 1113 898 exu-

88 985 102 1026 ,
129 947 171 1008 to
196 930 347 1030 pudore.
404 927 441 1007 Si
463 931 669 1006 enimenta
696 925 786 1007 illud
814 946 959 1030 tempus
980 931 1107 1008 iuven·

88 1098 101 1137 ,
129 1059 208 1131 tus,
238 1043 373 1141 inquit,
405 1039 498 1128 fuit,
529 1041 645 1140 quiin
662 1041 752 1118 vitio
776 1064 851 1117 oon
878 1040 1109 1119 moltumab-

88 1209 101 1250 ,
128 1154 198 1232 fuit
219 1155 264 1231 ab
280 1151 526 1238 Antichristo,
570 1151 658 1252 quid
683 1155 838 1239 mirum.
876 1149 989 1230 ssiam
1007 1151 1109 1231 etat?

88 1319 105 1360 ‚
133 1265 191 1343 Sic
208 1263 358 1341 obscure
373 1263 485 1351 dixit,
502 1286 620 1364 neque
634 1282 717 1343 eom
737 1260 851 1342 voluit
868 1264 1017 1343 reddere
1035 1286 1112 1341 ma·
1150 1302 1159 1326 ι

88 1432 103 1470 ,
133 1376 316 1464 nileiium,
344 1397 420 1451 non
449 1391 599 1475 propter
617 1377 813 1468 timorem,
859 1374 919 1455 sed
942 1399 1011 1454 nos
1031 1399 1113 1454 eru·

88 1489 264 1583 „dicum
316 1510 363 1562 ne
404 1486 676 1585 supervacaneae
709 1488 912 1567 inimicitias
948 1486 1111 1589 suscipia-

88 1654 104 1695 ῃ
134 1621 233 1687 urus,
263 1622 345 1676 cum
362 1598 451 1676 nihil
468 1597 530 1686 lit,
559 1598 664 1701 quod
681 1615 818 1696 urgeat
876 1599 927 1677 lta
944 1600 1004 1679 hic
1019 1623 1117 1702 qoo-

88 1764 105 1805 „
133 1735 203 1812 que
225 1711 331 1789 dicit:
367 1709 544 1797 Tantum,
574 1720 614 1783 ut
633 1711 808 1804 quilenat
836 1732 950 1798 nunu,
975 1723 1112 1802 teneat,
1227 1732 1230 1737 ’

88 1878 104 1917 ,
133 1821 239 1899 donec
257 1821 399 1896 emedio
404 1818 484 1916 flor.
544 1817 710 1908 llooest,
739 1821 888 1920 quando
903 1820 1114 1902 Romanum

88 1990 105 2029 e
136 1935 328 2033 imperium
360 1931 404 2008 de
426 1929 549 2008 medio
569 1931 677 2008 fuerit
703 1931 903 2025 sublatum.
941 1946 1032 2012 tuuc
1054 1933 1116 2014 ille

88 2102 104 2146 ,
138 2048 269 2122 veniet.
329 2039 373 2120 Et
390 2045 529 2122 metito.
591 2042 778 2136 Quamdiu
796 2046 892 2120 enim
914 2043 1023 2123 fuerit
1040 2068 1118 2121 me-

88 2213 105 2253 ,
137 2172 193 2235 tus
210 2155 316 2233 huius
335 2156 494 2255 imperii,
526 2178 636 2232 nemo
652 2158 727 2233 cito
743 2153 957 2237 subicietur.
988 2155 1118 2252 Quen·

88 2324 109 2366 ,
140 2270 189 2349 do
211 2285 331 2346 autem
354 2265 429 2346 hoc
452 2267 558 2344 fuerit
586 2266 819 2356 subversum.
867 2290 994 2346 vacans
1019 2271 1118 2346 inea.

88 2437 107 2482 ,
138 2380 200 2459 det
230 2382 441 2479 imperium,
472 2378 739 2481 hominumque
766 2394 803 2458 et
831 2379 904 2460 Dei
922 2382 1117 2483 imperium
1245 2470 1247 2475 ¹

88 2550 110 2588 0
139 2492 370 2592 aggredietur
412 2514 544 2590 rapere.
603 2491 705 2570 Sicut
733 2495 831 2570 enim
868 2491 987 2573 eversa
1011 2490 1118 2581 lunt.

88 2661 108 2700 ,
139 2629 219 2705 qun
235 2620 317 2680 ante
334 2601 422 2680 illud
446 2603 615 2689 fuerunt,
646 2626 776 2701 regna.
818 2619 858 2683 ut
878 2602 1076 2683 Medorum
1098 2627 1121 2682 a

88 2774 108 2812 ,
141 2715 364 2814 Babyloniis.
408 2712 696 2814 Babyloniorum
725 2713 899 2801 aPerfie.
936 2712 1120 2794 Persarum

88 2888 109 2924 ,
140 2825 455 2913 alliacedonibus,
476 2824 724 2904 Macedonum
744 2825 970 2920 aRomanie;
990 2825 1122 2906 itahoc

88 2999 109 3037 0
138 2961 288 3040 quoque
302 2941 346 3014 ab
369 2936 596 3015 Antichristo.
655 2935 699 3016 Et
718 2937 790 3020 hoo
805 2963 890 3020 cum
906 2940 1123 3040 maganell-

88 3112 108 3149 ,
139 3053 258 3129 dentia
279 3051 383 3126 nobie
403 3049 509 3127 tradit
535 3048 668 3129 Daniel
685 3107 719 3144 „.

88 3214 1132 3291 m

400 3360 816 3445 CaeuoLVl.

150 3521 185 3603 S.
203 3521 436 3618 Hieronymus
454 3523 599 3600 eandem
619 3520 709 3621 epiil.
728 3545 807 3600 cum
828 3521 976 3602 Daniele
990 3497 1070 3602 eorr-

341 3633 451 3712 ciliai.
511 3636 601 3713 Item
633 3633 877 3714 Theodorum.

92 3742 371 3914 lorelleximue
384 3798 526 3874 iamiam
543 3795 577 3874 S.
589 3795 859 3899 Hippolytlrum
870 3795 915 3876 ad
930 3820 1005 3876 rem
1017 3800 1125 3876 etiam

167 3911 204 3986 io
233 3905 423 3987 Danielem
443 3925 778 4006 commentantem
819 3912 1045 3991 concordant
1069 3909 1128 3987 alii

589 4018 677 4114 Ta
846 4034 849 4038 ’
1012 4018 1073 4099 SS.
