2506 4958
103 172 109 187 Ι
231 237 381 318 regnum
413 212 541 313 carun
567 218 752 295 interris.
782 238 809 294 e.
839 210 988 298 XXIII.
1019 268 1023 275 ·
1056 242 1130 318 ¹75

103 442 129 482 „
157 383 334 487 episcopo
348 350 520 461 iudicatas
539 392 821 480 exequerentur,
853 381 1054 485 militesque
1074 408 1137 462 eo-

106 552 131 594 „
159 520 243 574 runi
280 493 455 572 voluntati
487 484 722 568 deservirentr
751 491 955 591 postremo,
986 513 1137 572 utcon-
1220 529 1252 581 ,-

108 667 134 704 ,,
164 608 334 686 ciliorum
371 605 511 683 decreta
538 603 636 678 lirma
663 616 699 679 et
726 603 932 682 inconcussa
966 603 1086 684 ellent
1112 660 1135 702 „

112 719 403 805 Taceo-aliam,
442 739 552 815 quam
593 711 726 791 ibidem
763 713 866 793 affert
907 718 1137 799 sozomenus
1246 796 1250 803 .

113 833 261 932 legem,
291 853 361 929 qua
389 827 658 906 continentibus
679 825 880 904 facultatem
905 827 990 906 facit
1010 828 1139 907 testan-

112 945 153 1022 di
167 943 352 1033 ‚foeminin
374 957 410 1016 et
432 938 587 1015 maribus
605 940 642 1014 in
667 939 868 1037 virginitate
891 961 927 1018 et
946 946 1139 1021 continen-

115 1060 167 1135 na
188 1055 412 1139 viventibus,
427 1055 532 1130 etiam
561 1050 823 1150 impuberibus:
853 1045 944 1143 „De
967 1057 1139 1134 omnibus

115 1222 141 1263 „
168 1167 268 1245 enim
288 1166 417 1249 rebus,
447 1162 571 1248 addit,
603 1163 694 1240 rede
720 1162 925 1281 oposulere.
955 1187 997 1244 ac
1021 1167 1140 1266 dispo.

117 1312 142 1374 ‚3
167 1300 255 1357 nere
270 1275 407 1352 censuit
427 1299 509 1359 eos,
529 1274 659 1373 quibus
675 1273 712 1350 id
727 1272 841 1353 nilum
861 1300 951 1374 opns
967 1277 1141 1356 studium-

117 1444 144 1486 „
170 1411 244 1490 qne
271 1384 372 1474 ellet,
404 1403 444 1463 ut
474 1384 595 1465 Deum
627 1383 756 1464 assidue
781 1384 963 1475 colerent,
994 1402 1029 1466 et
1062 1391 1141 1489 phi.

115 1497 341 1600 filosophiae
366 1496 610 1595 (chrillianae,
658 1500 695 1573 in
732 1499 925 1579 monastica
958 1499 1139 1602 speciatim

117 1667 143 1710 ,‚
171 1615 266 1698 nin,
295 1605 475 1698 asceseos)
503 1623 709 1703 vacarent„

205 1793 433 1877 Constantini
456 1793 624 1895 pietatem
648 1795 816 1871 certatim·
834 1796 911 1873 eius
933 1791 1144 1878 successoren

117 1912 158 1990 ln
187 1909 341 2008 imperio
370 1904 451 1983 sunt
479 1904 677 2004 prosecuti.
708 1903 870 2006 dumque
890 1905 1013 2005 postea
1039 1907 1145 1987 lulia-
1176 1956 1178 1963 ‹

118 2018 189 2101 nus¹
223 2018 431 2120 apostata„
473 2017 617 2094 uberius
659 2037 808 2092 omnem
848 2018 1142 2108 immunitatem.

118 2187 143 2229 „
172 2141 214 2207 ut
250 2129 340 2207 idem
376 2125 587 2205 Sozomenur
618 2120 657 2212 o)
672 2122 855 2222 loqrdtur,
893 2127 1072 2207 honorem
1108 2144 1146 2210 et

116 2301 141 2340 „
169 2264 329 2320 annonas
349 2235 463 2339 iplrsa
492 2237 731 2316 Constantino
752 2239 915 2337 praebitas
948 2238 1083 2318 ademit
1098 2263 1142 2338 3„

119 2379 202 2458 qutc
227 2359 315 2440 mox
342 2356 470 2427 iterum
501 2347 707 2428 lorinianus
734 2348 913 2428 lulianum
947 2349 1085 2430 secutus
1107 2357 1146 2430 in

120 2471 306 2562 integrum
337 2463 511 2540 restituit.
558 2459 734 2543 lulianum
777 2478 942 2561 praterea
983 2463 1145 2542 ecclesias

121 2581 255 2656 votivis
280 2576 412 2660 donis,
451 2590 488 2649 et
516 2575 700 2672 pecuniis,
742 2562 899 2672 iafisque
930 2575 1033 2651 sacris
1065 2576 1147 2676 spo·

120 2687 217 2768 liall'e
239 2686 348 2786 paulo
374 2684 452 2785 poll
476 2705 521 2759 ex
550 2683 584 2760 S.
612 2682 796 2780 Gregorio
816 2683 988 2762 Nazianz.
1011 2686 1148 2764 videbi·

123 2822 222 2876 mns:
255 2801 345 2900 qui,
378 2800 513 2872 utinam
539 2791 683 2870 verifico
707 2797 744 2869 in
766 2817 877 2869 omne
900 2819 1013 2873 aevum
1036 2797 1147 2874 effato

121 2910 269 2997 subdit,
296 2931 371 2985 non
402 2910 470 2983 iam
505 2905 610 2992 lore,
641 2908 702 3005 qui
719 2902 898 3002 sacrilego
927 2929 1035 2981 manu
1054 2910 1150 2983 voti-

121 3043 174 3098 uo
209 3021 297 3096 donn
327 3021 523 3115 diripient,
565 3027 599 3094 et
627 3008 891 3115 profanabunt,
932 3019 1149 3116 impietatem

121 3134 286 3211 avaritia
315 3129 538 3207 cumulantes.

212 3290 356 3370 Accidit
376 3311 511 3391 ροπο.
540 3307 580 3367 ut
606 3289 746 3389 imperii
770 3308 863 3367 nora
891 3292 1006 3387 regia,
1037 3314 1147 3392 quam

125 3403 224 3482 velut
248 3405 284 3479 in
307 3406 538 3480 reverentiam
554 3400 725 3479 Romana
750 3400 838 3478 ledis
865 3400 1014 3500 Cpolim
1036 3418 1151 3482 trans·

122 3517 209 3595 tulit
235 3514 511 3600 Constantinus,
542 3515 710 3590 divinitus
730 3516 795 3607 (nt
822 3513 893 3612 ipse
923 3511 1018 3611 apud
1046 3510 1152 3594 Euse-

122 3629 225 3705 bium
254 3622 433 3713 tollatur)
458 3626 691 3711 admonitus,
723 3624 854 3700 ibidem
887 3624 1035 3711 firmata,
1065 3651 1150 3728 pau.

123 3739 225 3815 latim
256 3737 471 3813 dilaberetur
502 3733 618 3815 Roma
646 3735 727 3822 illa,
759 3758 865 3832 quam
892 3755 1059 3814 aternam
1092 3739 1153 3819 de.

125 3851 393 3953 praedicarunt,
437 3846 550 3950 fitquc
591 3870 639 3926 ex
684 3846 835 3946 profana
876 3846 1062 3947 religiosa,
1107 3873 1154 3928 ex

166 4060 260 4146 a)lib.
284 4058 320 4128 V.
340 4079 424 4142 cp
1046 3959 1098 4044 s*
