2506 4958
457 533 860 623 PRAEFATIO..

143 718 268 810 pora,
310 688 462 806 quibus
496 690 710 780 solvendus
735 715 835 780 mox
861 688 1012 778 dicitur
1037 687 1171 791 satan,

143 807 196 892 de
220 830 304 919 quo
326 805 441 916 prius
460 801 557 891 dicit
585 805 749 893 loannes
773 804 824 893 V.
845 837 880 892 r.
900 826 941 889 et
964 836 1004 889 ι.
1020 798 1173 891 vidiise

143 917 183 1005 se
221 919 392 1021 angelum
425 914 700 1018 deliendentem
726 912 774 1002 de
803 917 924 1011 talo,
975 912 1173 1001 habentem

140 1033 286 1117 clarem
313 1026 453 1139 abyffi,
495 1046 534 1111 et
561 1046 730 1114 catenam
769 1025 1014 1137 magnentia
1053 1053 1172 1113 mann

132 1139 220 1255 sua
276 1139 333 1226 Et
354 1138 594 1252 apprehendit
616 1138 834 1237 draconem,
864 1135 1074 1249 serpentem
1100 1168 1170 1225 an-

139 1255 308 1368 tiquum,
326 1253 400 1365 qui
423 1246 473 1357 esi
498 1249 691 1347 diabolus,
716 1269 753 1335 et
761 1246 943 1361 satanae,
970 1268 1009 1335 et
1025 1250 1169 1361 ligavit

137 1391 221 1449 eum
234 1384 304 1475 per
319 1365 418 1449 mille
437 1389 565 1448 aanor.
621 1363 805 1476 Nempe,
832 1428 854 1464 ,‚
870 1385 917 1451 ut
933 1360 1059 1472 (sunt
1077 1390 1167 1449 ver-

136 1540 161 1579 „
190 1475 239 1561 ba
261 1476 300 1564 S.
316 1474 531 1587 Augustini
546 1471 573 1559 l.
582 1475 678 1563 XX..
690 1473 742 1559 de
756 1476 833 1561 civ.
847 1474 922 1561 Dei
938 1498 973 1560 c.
991 1505 1031 1580 7.
1049 1500 1091 1560 n.
1101 1472 1167 1588 3.)

136 1653 159 1691 ,,
187 1590 264 1674 iam
287 1613 369 1671 non
387 1584 548 1674 seducat
570 1607 737 1699 gentes,
762 1612 813 1670 ex
838 1585 989 1701 quibus
1014 1587 1169 1673 constat

136 1763 158 1802 ,‚
185 1696 377 1795 Ecclefia,
403 1723 502 1816 quas
524 1723 637 1789 antea
659 1696 839 1789 seductas
855 1696 1033 1794 tenebat,
1051 1722 1168 1785 ante·

135 1874 159 1915 „
187 1838 309 1926 quam
326 1806 421 1895 edet
442 1806 626 1899 Ecclesia.
680 1811 772 1896 Nec
788 1812 896 1896 enim
913 1808 1068 1895 dictum
1086 1809 1166 1909 est,

134 1986 158 2027 „
187 1946 233 2008 ut
250 1946 339 2007 non
349 1919 556 2010 seduceret
569 1919 767 2038 aliquem3
785 1919 860 2031 sed
871 1938 915 2004 ut
929 1918 1167 2030 nonsedace.

134 2098 158 2139 „
185 2030 1049 2146 ret,inquit,gentes,inquibusEcciefiam
1065 2058 1167 2147 pro·

134 2209 158 2249 „
187 2143 253 2231 cul
268 2143 399 2233 dubio
411 2143 543 2229 voluit
555 2142 766 2260 intelligi„.
780 2144 1165 2255 Etposteac.8.n.1.

132 2322 156 2362 „
184 2253 375 2370 Alligatio
399 2254 547 2346 diaboli
577 2256 746 2345 estnon
774 2256 951 2369 permitti
974 2281 1164 2342 exercere

131 2435 155 2474 „
184 2393 309 2457 totam
334 2371 615 2465 tentationem,
642 2394 767 2482 quam
790 2367 921 2480 potest
942 2365 1006 2455 vel
1029 2369 1070 2453 vi
1094 2368 1162 2456 vel

131 2545 155 2587 ,‚
184 2480 281 2567 dolo
296 2479 347 2565 ad
360 2479 607 2567 seducendos
621 2477 805 2565 homines
823 2482 865 2564 in
877 2503 1034 2590 partem
1047 2481 1162 2570 suam

128 2655 154 2702 „
181 2589 367 2707 cogendo
418 2589 644 2682 violenter,
695 2585 1052 2704 fraudulenterque
1083 2587 1161 2680 fal·

131 2768 155 2809 „
184 2703 318 2788 lendo.
387 2699 514 2814 Quod
533 2700 561 2785 sr
582 2703 885 2814 permitteretur
905 2705 947 2788 in
965 2728 1045 2788 tam
1066 2700 1161 2791 lon-

18 2882 22 2893 .
130 2878 154 2917 „
183 2841 238 2926 go
255 2836 458 2923 ternpore,
485 2836 527 2896 et
545 2837 650 2898 tanta
668 2811 894 2901 infirmitate
912 2813 1161 2916 multorum,

127 2990 152 3029 „
180 2922 380 3039 plurimos
402 2921 521 3021 tales,
548 2921 686 3122 {uam
705 2925 816 3012 Deus
838 2925 878 3011 id
899 2927 1055 3041 perpeti
1073 2955 1158 3017 non

128 3101 153 3143 ,‚
180 3034 292 3132 vult,
329 3058 370 3125 et
391 3035 526 3124 fideles
582 3038 761 3135 eiicetet,
804 3060 845 3122 et
870 3064 921 3123 ne
945 3037 1159 3129 crederent

125 3213 150 3256 ,‚
178 3145 415 3263 impediret:
443 3147 557 3262 quod
576 3176 627 3234 ne
643 3144 813 3245 faceret,
839 3146 1021 3264 alligatus
1045 3152 1115 3239 est.
1130 3218 1154 3255 „

125 3262 194 3349 Sic
214 3263 333 3347 etiam
350 3259 534 3348 diabolus
557 3264 745 3374 princeps
763 3259 885 3346 huius
907 3261 1049 3347 mundi
1072 3266 1157 3350 eie·

126 3397 217 3461 ctus
244 3367 352 3461 foras
375 3371 543 3468 dicitur,
586 3394 743 3459 utnon
771 3398 847 3486 pto
874 3372 942 3461 sua
967 3372 1154 3474 libidine,

124 3508 203 3573 nec
229 3484 299 3569 nist
325 3481 451 3570 veluti
475 3481 641 3569 vibratis
664 3482 775 3582 tolie,
846 3512 906 3573 ua
930 3486 983 3573 D.
1004 3484 1154 3574 Paulus

122 3593 272 3711 Ephes.
286 3594 352 3682 Vl.
376 3606 438 3684 16.
454 3617 571 3682 vocat
597 3596 673 3680 tela
691 3510 891 3712 nequifflmi
913 3598 1044 3709 ignea,
1076 3624 1152 3687 nos

122 3704 293 3821 aggredi
320 3733 365 3794 ac
395 3702 583 3793 incessere
641 3707 742 3798 offit
814 3707 1015 3820 Propterea
1041 3708 1152 3797 idem

122 3818 206 3907 iam
240 3840 453 3905 monuerat
485 3846 547 3936 13·
624 3821 754 3937 eripite
783 3838 1014 3907 amatunam
1047 3822 1152 3921 Dei,

122 3949 171 4021 ott
190 3928 327 4044 poffitt's
351 3925 504 4037 refisiere
532 3938 574 4013 in
597 3927 659 4014 die
682 3932 800 4028 nmio,
842 3949 880 4015 et
909 3932 951 4017 in
983 3931 1152 4021 omnibus

116 4039 280 4159 perfecti
300 4037 411 4154 dare.
482 4042 587 4128 Siata
611 4069 699 4154 ergo
713 4039 898 4155 fitccincti
920 4039 1058 4128 lumbos
1084 4071 1152 4133 ve-

50 4198 58 4211 *
110 4150 214 4277 strar
238 4156 279 4238 t'n
302 4154 489 4251 veritate,
515 4154 552 4235 et
581 4152 709 4239 induti
734 4154 886 4239 loricam
910 4151 1086 4255 iustitia,
1110 4174 1149 4243 et

60 4311 63 4315 ·
120 4265 278 4357 calceati
293 4263 412 4381 pedes
438 4266 480 4377 in
501 4268 773 4383 preparatione
793 4264 1001 4380 Evangelii
1010 4270 1148 4395 pacis?
1205 4298 1207 4303 ·

1052 4407 1096 4466 tn

1197 4624 1207 4893 i
