2512 4620
302 235 450 310 regnam
468 178 595 304 iterata·
607 214 646 290 in
660 214 777 292 tertis.
791 235 822 291 e.
839 208 881 291 l.
1018 235 1095 310 ²5³

85 373 273 461 entiores,
313 389 364 452 tat
402 373 561 452 laudatas
592 372 836 452 Tertullianus
868 373 902 453 8.
923 372 1100 456 loannem

85 492 220 587 aptinae
254 487 529 584 interpretatur,
567 482 858 584 etsemetipsum
894 481 1101 567 &loannes

85 598 187 698 Epist.
212 595 255 675 ll.
275 617 315 688 7.
346 594 523 698 Quoniam
543 593 649 678 inulti
661 594 1043 694 fraudaresaxierant
1059 603 1101 676 in
1167 637 1170 645 ⁴

85 713 269 793 mundum,
300 709 360 802 qai
377 730 446 782 nan
466 705 689 804 confitentur.
713 706 826 804 Iesum
851 705 1022 794 Chrillam
1041 733 1103 788 aa.

85 818 164 919 ruffa
190 823 228 894 ia
260 838 427 894 carnem:
474 817 533 894 bic
554 814 600 904 etl
620 815 778 913 seduflar
803 829 837 894 et
860 817 1100 908 Antichrillas.

85 932 209 1011 Simon
233 933 404 1006 nimirum
432 952 557 1026 magus
590 930 626 1004 in
657 927 723 1006 suis
747 928 929 1027 discipulis
956 929 1104 1009 Gnolli·
1180 957 1185 968 ’

84 1046 155 1128 cis,
185 1057 220 1117 et
240 1039 418 1125 Daoetis,
457 1044 518 1139 qui
546 1043 729 1118 veritatem
756 1039 1013 1119 incarnationis
1041 1068 1104 1120 ne-

84 1168 208 1252 gantes
221 1153 470 1229 oeconomian
485 1149 717 1227 redemtionis
736 1152 862 1229 nolite
880 1154 1103 1234 evertebant:

84 1267 244 1362 dumque
266 1264 413 1338 verbnm
441 1262 553 1362 specie
569 1275 710 1339 tanturn
733 1261 886 1339 hamana
912 1263 1105 1363 apparuisse

84 1376 263 1460 dicerent,
294 1371 357 1471 ipli
377 1397 457 1452 vera
484 1372 687 1450 Antichristi
706 1376 828 1474 imago
846 1396 887 1452 ac
911 1377 1105 1474 precario-

84 1509 137 1563 res
160 1486 315 1562 fuerunt.

167 1643 288 1722 Pafflnr
306 1642 398 1721 ass,
416 1636 576 1722 Patruitus
595 1642 749 1722 herenei
775 1645 1007 1745 ptaectttlotts
1029 1646 1106 1726 Aa·

84 1754 228 1835 tichtisti
243 1752 473 1853 appellantur.
492 1750 658 1854 (qualem
675 1755 769 1854 apud
787 1755 821 1832 8.
833 1755 1104 1857 Cyprianuma)

83 1870 117 1946 S.
138 1866 313 1944 Lucianus
329 1858 381 1939 tlt.
400 1861 554 1940 Deciana
576 1866 661 1963 imp.
677 1875 880 1940 narratorem
898 1866 1105 1955 Anticariat

83 1973 222 2061 vocat.)
242 1975 400 2052 Patribus
417 1991 501 2050 vero
513 1974 653 2050 concilii
663 1969 722 2070 tlt.
743 1973 1025 2074 carthaginensis
1040 1977 1104 2057 sun

83 2089 118 2167 S.
140 2087 325 2187 Cypriane
338 2080 375 2172 lt)
388 2086 583 2183 generatim
606 2077 833 2177 Antichristus
851 2083 1023 2178 elidoiiar
1037 2088 1105 2164 ha.

83 2205 220 2277 reticus.
250 2195 290 2274 ln
308 2218 410 2272 conc.
430 2194 596 2294 Carthag.
617 2218 672 2274 an.
693 2205 783 2287 256.
814 2197 915 2298 qaod
934 2213 1032 2278 extat
1051 2203 1106 2277 in·

83 2324 139 2386 ter
155 2331 261 2409 opera
278 2301 315 2384 8.
326 2305 518 2406 Cypriani,
534 2307 576 2382 ad
590 2305 771 2386 laudatum
788 2314 892 2386 etiam
913 2309 947 2389 8.
961 2309 1104 2390 loannis
1170 2369 1172 2374 »

83 2422 129 2496 de
150 2418 368 2498 Antichrillis
388 2415 507 2495 multis
522 2435 741 2518 provocatur
756 2418 891 2500 locunt.
926 2423 1012 2498 stim
1031 2420 1104 2500 Da·
1231 2440 1241 2457 ⁸

82 2536 199 2608 tainus
222 2529 332 2616 noller·
361 2527 514 2616 Chrillas
532 2529 643 2606 disat:
675 2529 754 2623 Qui
772 2551 846 2607 non
868 2533 917 2608 eil
933 2553 1104 2623 mecum,

82 2660 208 2719 contra
227 2641 284 2717 'ane
297 2635 362 2716 est:
381 2653 414 2714 et
430 2638 574 2713 Ioannes
590 2638 753 2735 aposlolus
768 2663 843 2728 aas,
858 2646 920 2736 pai
934 2641 978 2719 alt
996 2640 1106 2720 Eccle-

82 2754 131 2844 fia
144 2762 288 2838 exeant,
327 2746 549 2833 Antichritlas
576 2749 694 2825 dicat:
734 2751 974 2830 indubitanter
1002 2753 1108 2840 halles

87 2859 237 2946 cariati,
267 2864 391 2956 quique
413 2858 616 2951 Antichristi
631 2863 803 2936 narninati
812 2860 919 2958 sunt,
943 2869 1107 2960 gratiam

83 2974 248 3072 baptismi
257 2971 429 3068 salutatis
442 2966 641 3054 ministrare
656 2994 724 3047 nan
737 2965 881 3071 paffant.
927 2970 1104 3067 Ultimus,

82 3092 146 3188 qui
166 3088 370 3162 l'ententiatn
386 3083 470 3159 dicit
491 3105 538 3158 ex
555 3079 714 3160 Patribus
729 3088 765 3159 in
793 3101 993 3164 memorato
1015 3106 1109 3166 eon.

84 3200 170 3276 cilio
186 3222 230 3274 eo
247 3198 327 3272 dean
344 3196 500 3294 respicit.
519 3195 704 3292 epistolam
716 3198 823 3272 etiam
838 3198 881 3273 atl
897 3195 1107 3278 lubatanun

85 3315 216 3393 citans,
238 3327 367 3406 nempe
382 3362 403 3396 ,‚
415 3304 804 3382 ltaeteticussecundurn
819 3309 1108 3405 evangelieamet
1217 3296 1249 3363 Ἀ

85 3477 108 3514 ‚,
137 3420 366 3516 apostolicam
390 3417 685 3494 contestationem
715 3417 929 3495 adversanos
952 3420 1105 3506 Christi,

85 3589 108 3624 „
139 3547 173 3604 et
194 3531 426 3606 Antichristus
444 3525 657 3627 appellatos,
684 3527 829 3627 quando
844 3530 888 3604 ad
920 3524 1105 3608 Ecclesiam

85 3700 109 3736 „
138 3647 313 3728 venerit„
344 3642 456 3718 unico
487 3634 647 3716 Ecclesia
672 3639 848 3738 baptismo
870 3642 1106 3738 baptizandos

85 3806 109 3848 „
139 3751 227 3839 elle.
258 3767 298 3828 at
317 3750 447 3853 poliant
469 3750 545 3826 lieri
561 3750 608 3827 tle
634 3749 835 3826 adversariis
847 3753 976 3839 antici,
1007 3772 1042 3829 et
1062 3757 1107 3830 de

776 3911 801 3952 „
832 3863 1050 3940 Antichrillis

128 3986 163 4068 a)
183 3977 269 4066 span.
295 3979 396 4049 xxtt.
420 3998 449 4063 p.
468 3993 539 4048 aaa.
581 3983 615 4062 t)
636 3978 672 4048 T.
690 3977 713 4047 1.
728 3998 812 4048 conc.
828 3981 916 4048 Hasd.
929 3983 987 4050 sal.
1004 4005 1069 4063 ¹5⁹·
