2506 4958
204 236 353 313 regnum
386 203 489 329 Critli
514 154 556 289 in
584 158 702 292 terris.
733 236 762 292 t.
787 194 948 293 XXtar'
1007 238 1083 314 25¹

44 437 79 477 .‚,
109 378 168 456 illa
202 377 451 455 interfectione
483 376 577 474 regis
604 350 766 463 orbata,
811 377 887 456 haec
911 376 1089 461 incolumi

56 549 83 588 ,‚
110 495 328 592 imperatore
351 488 469 566 secura
496 488 564 574 est,
595 503 632 566 et
648 489 721 565 boc
737 490 869 591 quare?
898 490 1089 586 Quoniam

56 659 82 699 „
111 605 187 680 ibi
178 626 214 679 m
231 625 317 700 rege
333 600 522 678 libidinum
541 602 730 713 turpitudo
745 606 888 701 punita,
920 603 979 682 hic
997 606 1094 682 cbri-

56 716 229 811 „stianae
248 713 432 812 religionis
461 706 698 791 continentrff
688 736 759 790 ma
778 718 924 814 aequitas
946 719 982 793 in
1005 742 1092 818 rege
1227 718 1232 731 '

57 827 245 923 servata„
277 826 352 902 est:
408 825 456 900 ibi
485 822 620 924 absque
651 825 837 926 religionis
871 834 1091 917 reverentia,

58 995 83 1034 „
111 939 316 1016 aviditatem
351 936 546 1034 voluptatis
576 934 716 1014 licentia
757 937 889 1016 furoris
917 941 1089 1041 implevit:

59 1108 84 1146 „
115 1051 175 1128 hic
198 1067 233 1127 et
258 1049 436 1126 christiani
458 1047 578 1135 luere,
610 1052 674 1149 qui
700 1065 906 1149 parcerent,
938 1066 974 1128 et
999 1050 1096 1130 chri·
1122 1140 1125 1145 .

61 1219 85 1258 „
117 1164 238 1250 iliani,
268 1162 398 1263 quibus
418 1173 626 1258 parcerent,
671 1178 708 1238 et
733 1162 911 1240 christiani
942 1179 1096 1264 propter

60 1331 85 1368 „
115 1297 274 1375 quorum
309 1275 546 1362 memoriam,
597 1275 698 1348 etin
729 1296 889 1374 quorum
919 1279 1095 1354 memoria

60 1442 86 1480 „
116 1403 328 1486 parceretur.
388 1382 625 1485 Quapropter
641 1382 799 1463 delinant
816 1386 1030 1487 religionem
1051 1387 1101 1467 la·

62 1555 87 1594 „
114 1520 256 1584 cerate,
298 1510 335 1572 et
370 1493 532 1575 laceliere
564 1497 799 1618 patientiam
804 1495 898 1576 Dei:
945 1515 1097 1600 propter

62 1667 86 1706 „
116 1632 225 1710 quam
257 1608 412 1695 babent,
443 1610 496 1684 uti
529 1623 565 1685 et
598 1607 671 1686 hoc
695 1597 845 1712 quoq'ue
871 1615 1107 1711 impunitum·
1225 1603 1227 1608 ’

62 1721 289 1815 „,habeant
320 1716 346 1796 fi
371 1719 564 1820 aliquando
581 1719 744 1827 delistant
761 1778 794 1815 „
855 1722 948 1799 lofra
967 1721 1006 1812 o)
1020 1749 1096 1804 rem

63 1837 161 1911 idem
191 1830 343 1912 Orolius
387 1847 509 1928 aperte
544 1822 698 1908 omnino
737 1835 788 1909 ob
832 1834 963 1912 oculos
990 1839 1099 1935 ponit

66 1945 241 2045 exemplo
257 1941 439 2073 quagailr
460 1946 554 2042 regis
571 1943 784 2073 Gothorpm
805 1947 933 2074 pqgani
955 1961 993 2076 et
1012 1946 1101 2047 Scy·

65 2056 214 2262 liii}
230 2053 422 2254 Pilati
435 2054 1101 2267 teligit,illinitur

65 2336 89 2374 „
119 2280 187 2357 iuis
214 2281 406 2380 propinare
429 2278 634 2355 devoverat.
691 2276 780 2357 Hoc
795 2283 907 2380 igitur
923 2278 1099 2360 Romanis
1163 2315 1167 2323 ·

65 2449 88 2485 ,,
118 2394 257 2469 arcibus
281 2394 515 2476 imminente,
546 2390 585 2466 fit
607 2395 774 2469 omnium
805 2416 1030 2492 paganorum
1060 2398 1099 2472 in
1225 2382 1228 2389 ⁴

68 2561 92 2598 ‚,
122 2505 212 2580 urbe
248 2502 468 2587 concursus,
516 2501 652 2582 hostem
686 2500 819 2590 auerte,
863 2528 948 2582 curn
976 2510 1102 2613 utique
1156 2496 1161 2519 ¹

67 2673 90 2709 „
110 2619 248 2707 'virium
278 2617 407 2715 copia,
456 2627 533 2690 tum
566 2617 722 2689 maxime
754 2613 917 2713 praelrdio
947 2617 1103 2696 deorum

65 2784 91 2821 „
120 2740 326 2826 potentem:
372 2726 498 2804 urbem
535 2740 654 2801 autern
690 2724 773 2800 ideo
810 2725 1033 2814 destitutam,
1065 2744 1102 2806 et

68 2895 92 2931 ‚,
123 2852 258 2915 mature
283 2838 498 2936 perituram,
530 2838 611 2938 quia
638 2835 727 2912 deos
754 2850 790 2913 et
821 2836 912 2913 lacta
939 2839 1104 2939 perdide-

68 3007 92 3044 „
123 2951 178 3026 rit.
237 2948 382 3048 Magnis
409 2949 562 3048 querelis
590 2949 724 3048 ubique
751 2949 892 3046 agitur,
924 2966 960 3025 et
987 2952 1107 3027 conti·

70 3119 94 3156 „
123 3083 200 3139 nuo
225 3061 270 3137 de
297 3061 499 3159 repetendis
531 3060 633 3136 sacris
666 3059 960 3161 celebrandisque
983 3062 1107 3140 tratia-

71 3228 96 3267 „
125 3190 193 3250 tur.
250 3171 405 3250 Fervent
431 3188 507 3249 tota
528 3172 616 3248 urbe
636 3169 885 3272 blasphemie,
906 3173 1019 3271 vulgo
1039 3199 1108 3253 no·

70 3307 207 3378 „meo
246 3282 379 3362 Christi
413 3297 595 3386 tamquam
627 3284 703 3361 lues
733 3284 849 3385 aliqua
879 3285 1106 3386 praesentium

70 3412 332 3495 „temporum
363 3397 572 3496 opprobriis
596 3411 775 3494 gravatur.
836 3395 960 3495 ltaque
983 3397 1109 3476 ineffa-

71 3508 185 3602 „bili
207 3507 340 3584 iudicio
360 3504 432 3585 Dei
450 3507 579 3584 latium
602 3508 669 3594 est,
701 3510 753 3584 uti
762 3511 948 3636 quoniam
973 3511 1007 3585 in
1029 3525 1109 3610 per·

70 3676 95 3714 „
125 3621 244 3696 mixto
270 3619 412 3718 populo
432 3622 496 3719 piis
517 3619 651 3716 gratia,
682 3620 800 3718 impiis
824 3643 936 3721 poena
957 3621 1111 3701 debeba-

72 3786 95 3823 „
126 3746 208 3814 tur,
238 3731 502 3830 oportebatque
524 3732 685 3830 permitti
706 3729 842 3818 hostes,
874 3735 936 3832 qui
957 3733 1112 3811 insuadi-
1207 3762 1209 3766 ⁴

73 3897 97 3935 „
127 3839 234 3917 bilem
253 3843 289 3917 in
310 3840 499 3943 plurimis.
542 3857 579 3920 et
601 3842 910 3924 contradicentem
928 3848 1110 3925 civitatem
1249 3866 1252 3881 ·

906 4011 930 4050 „
958 3956 1056 4043 seve·

119 4051 228 4137 o)2lib.
254 4054 317 4121 vlt.
339 4075 364 4122 c,
392 4074 440 4139 37.
