2506 4958
101 491 175 609 Ι16
483 473 627 573 Ecclese
654 476 814 560 melitene

113 642 294 738 slitrrtiene
320 608 409 731 vern,
439 628 576 746 leden,
605 666 710 740 prtum
735 640 782 730 ἓξ
805 622 869 742 ips
891 645 1017 734 iudei,
1046 649 1165 726 iteret

115 754 350 856 describitur,
372 755 546 854 sperent,
577 753 732 831 locorum
761 753 1018 853 &regionum
1050 765 1169 837 nemi.

115 867 220 946 uibus
246 867 405 954 indulti,
437 869 603 964 qrromoin
635 868 822 964 allegorice
852 874 1103 968 interpretatio
1127 878 1167 949 in

119 977 315 1068 Christum,
347 976 395 1064 Gi
420 983 459 1054 iu
487 977 692 1069 Ecclefium,
736 978 783 1063 ἓξ
817 980 978 1057 halitum
1010 981 1058 1069 ἓξ
1080 982 1166 1082 sru.

88 1097 209 1174 -iturn
235 1094 309 1169 eius
329 1090 548 1189 spiritaliter
572 1103 763 1189 competet,
796 1089 842 1178 &l
862 1092 1008 1190 lengum
1025 1093 1070 1183 etl
1084 1114 1163 1194 prr.

110 1204 233 1308 sequi,
264 1200 311 1289 ἓξ
331 1207 371 1278 in
391 1201 460 1279 elie
481 1218 582 1300 opere
599 1200 788 1300 digitium,
820 1207 913 1300 quod
923 1206 1162 1305 inscribimus,

117 1319 159 1398 de
188 1314 246 1415 spe
267 1313 459 1403 lidelium,
504 1314 551 1402 Εᾷ
577 1319 616 1391 iu
648 1317 809 1414 prasenti
839 1315 964 1394 velen
996 1321 1162 1414 otiosum,

117 1434 204 1530 quie
234 1451 304 1505 nen
332 1428 373 1504 rie
401 1439 564 1515 terrene,
598 1427 719 1523 sedile
736 1425 855 1513 inlesit
880 1431 1099 1528 premifflnne
1120 1433 1162 1525 sit

118 1539 264 1643 quallis.
321 1539 421 1617 Num
441 1537 487 1625 89⁹
502 1539 704 1636 eonfitemur
719 1544 758 1615 in
778 1554 879 1615 terra
897 1541 995 1620 nones
1014 1568 1161 1643 regnunt

116 1651 384 1754 repromissum
404 1652 470 1750 sed
490 1666 572 1729 ente
595 1651 735 1739 celum,
758 1651 825 1750 seri
838 1653 908 1729 elie
923 1653 1036 1745 taren
1067 1671 1161 1754 utpo-

118 1779 154 1846 te
171 1765 244 1865 pell
271 1764 558 1864 resurrellioneru
584 1769 623 1838 irt
650 1766 742 1841 mille
767 1790 897 1853 enites,
950 1772 990 1842 iu
1016 1773 1161 1847 civitate

119 1881 240 1958 divini
273 1882 388 1976 operis
421 1875 647 1975 Hierusalem
681 1875 763 1954 cele
795 1877 928 1965 delete,
979 1904 1086 1977 quem
1118 1878 1163 1969 is

118 1989 286 2091 aposlolus
318 2003 470 2067 matrem
499 1988 650 2082 nnslrem
669 1987 813 2092 sursum
838 1990 1009 2088 riesigunt3
1042 1990 1091 2080 Es'
1103 2012 1163 2092 pe.

119 2104 268 2185 liteume
298 2101 476 2190 nellrum,
520 2103 560 2178 id
586 2101 630 2192 ell
653 2107 891 2198 mancipatum
917 2108 956 2180 iu
985 2104 1078 2184 celis
1103 2105 1163 2207 esi

115 2219 377 2317 pronuntient,
405 2213 512 2291 elicui
541 2217 661 2312 utique
684 2213 803 2305 celesti
832 2219 977 2292 civitati
1002 2242 1081 2295 eum
1107 2219 1162 2294 rie.

115 2340 232 2431 putat.
281 2326 389 2405 Hunc
406 2326 453 2414 ἓξ
473 2326 635 2404 Ezechiel
655 2332 778 2415 erevit,
811 2325 857 2412 Ei
877 2327 1042 2424 aposlolus
1063 2330 1162 2408 loen.

120 2467 180 2520 nes
210 2442 325 2529 vidit,
369 2439 416 2526 ὦ*
442 2445 502 2536 qui
528 2441 622 2536 apud
635 2441 744 2532 selem
776 2439 926 2525 renslrem
963 2440 1028 2530 ell,
1068 2450 1164 2520 reove

116 2554 309 2655 prophetie
323 2551 443 2650 seruw
470 2550 639 2637 testetur,
671 2563 710 2624 ut
734 2557 840 2627 etiem
868 2551 1009 2648 effigiem
1036 2561 1164 2632 civita.

120 2670 168 2742 tis
201 2676 282 2741 unte
313 2661 651 2759 representative-rem
683 2667 755 2738 eius
784 2666 972 2762 eonspellui
994 2665 1163 2766 futurem

120 2783 161 2855 in
171 2774 314 2870 sgnum
331 2775 547 2872 predicerit.
582 2781 721 2874 Agmen
741 2777 990 2856 Chiiiaiiarune
1008 2782 1079 2859 dici
1096 2805 1164 2880 po·

121 2890 187 2968 test
214 2889 416 2968 Lactantius
444 2885 520 2965 Sec.
544 2887 606 2966 lV.
641 2887 796 2964 claufiile
835 2889 871 2978 a)
896 2907 1005 2977 tunc,
1052 2917 1165 2994 quan·

120 3005 173 3085 do
197 3000 349 3089 Ecclesia
378 3001 532 3079 militans
553 3025 706 3100 regnum
731 3003 860 3080 Christi
891 3007 926 3078 in
956 3009 1058 3081 terris
1078 3007 1163 3083 lietu

121 3115 261 3223 presio,
305 3115 369 3193 iub
404 3117 683 3214 imperatoribus
715 3114 894 3201 ethnicis,
925 3116 1074 3194 eruenta
1106 3117 1162 3192 est.

120 3228 256 3330 Neque
269 3232 366 3306 enim
384 3228 427 3302 ad
448 3242 605 3304 veterem
629 3226 728 3302 illurn
752 3224 987 3305 Chiliasmum
1012 3231 1166 3329 pertinet

120 3367 279 3444 regnum
308 3340 462 3426 Christi,
505 3336 607 3439 quod
626 3362 644 3413 a
664 3361 779 3433 regno
804 3337 873 3415 Dei
897 3339 1017 3438 pallini
1048 3342 1168 3417 distin·

121 3463 204 3558 guit
229 3456 262 3533 S.
291 3452 467 3538 Hilarius,
499 3453 600 3528 utin
626 3450 720 3548 praef.
744 3475 898 3550 operum
923 3461 957 3544 §.
989 3465 1023 3528 6.
1053 3454 1168 3530 edito.

122 3594 179 3647 res
213 3560 535 3644 San-Maurenses
577 3562 833 3639 demonstrant.
894 3564 1019 3643 niuno
1049 3568 1166 3642 minus

121 3680 197 3759 huc
215 3679 318 3756 locus
345 3676 378 3753 S.
406 3672 582 3752 Ambrofii
607 3676 642 3748 in
665 3673 749 3749 Pras.
777 3673 802 3752 1.
832 3680 1006 3775 pertinet,
1038 3683 1074 3754 in
1093 3700 1168 3778 quo

33 3852 40 3863 .
121 3791 210 3870 duas
243 3788 516 3868 resurreiiiones
556 3787 740 3884 distinguit
768 3812 802 3862 n.
834 3809 893 3882 54.
915 3787 958 3876 b)
982 3788 1170 3866 luculento

104 3892 246 4006 ‘potius
266 3905 360 4000 ignis
388 3902 590 3999 purgatorii
623 3899 872 3988 documento,
904 3902 997 3992 dum,
1013 3901 1047 3978 S.
1069 3899 1172 3977 ioan·

122 4041 186 4094 nes
215 4017 360 4094 beatum
382 4013 491 4099 dicit,
525 4013 587 4112 qui
614 4012 721 4088 habet
751 4031 888 4114 partem
918 4017 957 4089 in
982 4015 1098 4111 prima
1120 4035 1173 4089 re·

122 4126 351 4208 lurreltione.
411 4122 472 4212 trit
505 4127 620 4213 enim,
653 4124 735 4203 lunt
767 4127 875 4204 verba
905 4126 940 4204 8.
974 4123 1173 4210 Ambrosii,

164 4349 200 4426 a)
222 4341 286 4409 Lib.
316 4338 381 4407 ΥΠ.
403 4338 525 4404 institut.
546 4360 572 4405 ι
597 4360 644 4417 14.
670 4342 728 4406 &e
841 4340 878 4419 b)
899 4339 937 4406 Τ.
962 4339 987 4406 Ι.
1009 4361 1042 4424 p.
1054 4234 1135 4423 sil}
