2512 4620
171 204 253 291 178
358 195 373 206 ’
537 178 689 280 &calesu
716 181 880 263 mistam

168 359 324 440 briones
352 348 573 454 dignitatum
609 351 791 427 maiorum
821 346 908 451 poll
936 346 1206 449 pontificalem.

170 466 310 551 menses
330 466 488 566 papales,
512 467 568 540 via
586 462 667 540 sadi
690 461 968 563 procedendum
987 483 1126 563 negat:
1155 470 1210 547 ab·

171 583 295 683 estque
317 581 363 656 ab
384 578 447 655 illa
469 574 666 660 sententia,
704 573 828 675 quoad
854 589 1003 651 aonatm
1034 596 1076 655 et
1110 580 1209 679 pallia

169 691 325 775 acaesare
340 703 404 769 aut
416 684 580 767 concilio
596 685 768 763 nationali
787 684 867 761 solo
885 686 1095 767 remedium
1112 690 1209 771 affer.

171 810 203 887 ri
230 799 342 906 polle.
399 797 692 902 Dependentiam
734 820 850 898 porro
885 797 1152 899 episcoporum
1171 807 1210 885 ab

171 912 450 1016 archiepiscopis
475 909 734 988 moderandam
757 910 901 1010 potios,
931 933 1044 1011 quam
1077 938 1210 1018 augen-

49 1090 53 1105 .
172 1033 257 1111 dam
285 1025 373 1105 vult
431 1023 612 1103 Iudicium
638 1037 784 1109 autem,
813 1036 856 1099 ut
880 1038 1034 1112 vocant,
1065 1035 1210 1127 provin·

55 1204 60 1211 .
171 1141 261 1224 ciale
289 1133 459 1241 synodale
487 1137 645 1213 omnino
667 1136 807 1221 reiicit,
837 1157 905 1211 nec
922 1134 983 1213 bic
1005 1142 1139 1238 quoad
1155 1167 1208 1244 ap·

171 1252 384 1357 pellationes
405 1250 444 1325 in
472 1245 701 1348 synodalibus
735 1245 871 1347 aliquid
889 1251 1118 1329 mutandum
1146 1258 1208 1332 exi·

170 1366 309 1457 stimat3
356 1384 424 1438 nec
459 1359 610 1437 densum
640 1356 815 1435 abusuurn
841 1359 1146 1443 emendationem
1161 1392 1208 1445 os·

170 1500 245 1581 que
265 1475 310 1551 ad
329 1473 596 1551 restitutionem
622 1467 883 1570 episcopalium
912 1474 1050 1551 iunium
1088 1482 1206 1578 primi·

170 1572 359 1673 tinorum,
389 1582 506 1687 qualia
524 1579 592 1659 else
617 1582 846 1681 puntlatores
866 1587 1104 1683 opinentur,
1133 1614 1208 1693 pro·
1244 1658 1247 1689 ;

171 1698 430 1779 crastinandam
472 1690 547 1772 else.
616 1692 832 1791 Speciminis
860 1693 937 1774 bac
967 1695 1063 1778 loco
1108 1703 1207 1782 sunto
1244 1710 1247 1715 '

171 1805 422 1911 compromisi
462 1804 668 1884 laierarchiae
705 1804 930 1886 Germanicae
968 1811 1009 1887 in
1046 1816 1208 1913 personas

171 1924 428 2027 pundatorum
464 1916 695 1998 Emsenfium.
755 1918 850 1997 Sunt
879 1936 1002 1999 tamen
1028 1927 1110 2015 isli,
1155 1930 1207 2031 qui

170 2038 218 2116 ad
242 2035 377 2113 calcem
406 2036 521 2109 totius
553 2032 710 2107 nationis
736 2028 965 2111 Germanica
992 2052 1131 2117 vonam
1156 2042 1208 2118 de·

169 2162 366 2251 promunt,
383 2158 425 2220 ut
439 2147 645 2220 interventu
662 2140 701 2219 S.
721 2141 763 2220 C.
787 2140 841 2221 dl.
859 2144 956 2244 apud
976 2151 1204 2247 pontificem.

171 2254 473 2360 quandoquidem
509 2253 768 2330 sacrosantlum
791 2256 990 2334 concilium
1027 2259 1204 2343 Tridenti-

171 2393 261 2446 num
283 2369 553 2443 oecumenicum
583 2363 662 2464 ipis
685 2388 761 2440 non
786 2369 970 2455 satisfacit,
992 2378 1202 2471 promissum

173 2481 210 2558 in
230 2479 472 2558 Concordatis
505 2476 700 2552 concilium
725 2477 769 2552 ad
804 2484 998 2559 minimum
1029 2490 1203 2568 nationale

170 2597 207 2670 in
232 2593 390 2668 termino
414 2590 458 2666 ad
487 2589 665 2666 summum
688 2589 849 2668 duorum
873 2618 1062 2675 annorum
1089 2605 1135 2681 ab
1154 2627 1202 2679 an

174 2720 291 2801 1786.
322 2703 397 2780 fixo
417 2720 581 2802 cogatur.

253 2864 379 2944 Unum
399 2865 534 2951 adhuc,
565 2863 666 2963 quod
687 2864 829 2942 bonum
854 2887 1046 2970 quemque
1064 2873 1110 2949 ad
1130 2899 1200 2952 can.

168 2979 239 3056 sam
263 2979 463 3077 agendam,
506 2977 834 3076 suscipiendamque
860 2980 1111 3061 defensionem
1137 2986 1200 3064 Ro·

168 3115 283 3167 mana
313 3092 400 3166 sedis
428 3094 558 3165 merito
591 3094 749 3165 animare
775 3092 902 3177 debet,
933 3115 980 3169 ex
1005 3097 1200 3197 apologista

139 3236 142 3241 ·
168 3227 259 3280 mox
280 3220 484 3278 memorato
499 3202 656 3300 epistolae
676 3202 834 3301 episcopi
851 3204 1023 3301 Spirensis
1047 3214 1200 3288 animad.

168 3316 382 3394 vertendum
416 3317 493 3403 ost.
522 3315 711 3390 hodiernis
738 3314 971 3414 scriptoribus
1002 3320 1129 3417 pallam
1150 3348 1198 3410 ea,

166 3451 247 3528 quae
276 3428 370 3525 apud
396 3423 484 3504 alios
511 3428 547 3503 in
573 3428 698 3502 eadem
728 3425 917 3503 occasione
943 3445 983 3505 et
1010 3457 1198 3533 argumen-

167 3553 209 3614 to
235 3542 402 3616 festucam
428 3539 611 3623 dicerent,
657 3539 744 3614 dum
765 3541 810 3615 de
832 3538 996 3618 Romana
1024 3554 1197 3625 curiates

165 3652 235 3732 eli,
268 3655 404 3730 trabem
428 3655 551 3729 videri.
612 3649 725 3750 idque
741 3656 953 3753 cumprimis
971 3654 1150 3747 offendit,
1166 3675 1198 3737 et

163 3761 449 3852 offensionibus,
479 3760 670 3866 praesertim
708 3784 829 3841 autem
857 3764 1025 3843 scandalo
1059 3772 1197 3872 pusillo·

164 3899 245 3955 rum
266 3873 389 3956 locum
408 3880 491 3958 dat:
520 3877 621 3979 quod
639 3878 817 3983 quidquid
836 3877 994 3960 aleculis
1012 3885 1135 3964 adom
1153 3885 1195 3965 le·

489 4046 501 4069 .
1110 4021 1151 4085 re
