2506 4958
158 588 212 668 68
251 624 256 637 =
506 520 650 692 Ecclesia
677 524 864 656 militans

159 740 278 823 serbis
306 733 428 840 paucis
457 727 527 813 illis
553 729 702 839 quidem
731 734 925 816 desudem
955 753 1201 840 argumento,

47 892 51 899 ¹
156 871 201 936 ut
221 852 406 935 videmus,
436 851 646 938 continuit,
677 851 713 926 id
743 848 861 928 multo
888 856 1002 950 magis
1025 856 1205 932 veteribus

161 968 229 1045 issss
259 963 489 1062 scriptoribus
519 960 640 1038 sausbs
664 959 826 1039 Patribus
844 963 1050 1040 iaciendum
1077 968 1114 1041 in
1136 966 1204 1044 bac

163 1079 308 1156 materia
332 1073 427 1158 suit,
459 1095 526 1149 nec
550 1074 662 1159 dum,
693 1090 734 1150 ut
755 1078 801 1150 ita
820 1075 963 1162 dicam,
994 1078 1202 1166 eviscerata,

142 1192 337 1289 'variisque
354 1185 568 1283 imaginibus
588 1183 740 1286 stisoque
766 1188 984 1287 prophetico
1010 1190 1202 1279 involuta.

161 1297 317 1402 nequid
347 1301 557 1383 temerarie,
603 1302 800 1374 autetiam
829 1302 991 1375 acerbius
1015 1300 1060 1375 de
1089 1304 1205 1399 impe.

24 1408 32 1419 ’
160 1419 204 1495 tii
228 1413 322 1490 illius
345 1408 426 1485 fatis
457 1432 498 1484 ac
531 1411 791 1510 imperatorum
823 1408 981 1496 Romae,
1031 1412 1204 1511 sanguine

159 1526 354 1605 chrisiiauo
385 1523 585 1606 manantis,
615 1517 739 1596 dixisse
762 1523 995 1609 viderentur,
1027 1524 1095 1600 illis
1115 1550 1205 1625 prae-

159 1638 281 1717 sertim
310 1635 535 1733 temporibus
566 1634 855 1730 persecutionum
884 1634 947 1712 sub
977 1637 1206 1734 imperatori·

22 1760 57 1831 ‘.
127 1784 139 1797 ’
159 1752 228 1828 bus
253 1746 448 1848 gentilibus
470 1746 520 1821 ob
539 1743 781 1831 christianam,
814 1746 867 1820 ves
887 1749 992 1823 etiam
1023 1747 1086 1825 sub
1109 1749 1204 1826 chri-

160 1862 278 1939 stianis
315 1859 565 1935 hereticorum
593 1857 711 1934 causas
728 1860 919 1955 agentibus
935 1915 946 1945 ‚
961 1860 1021 1935 'ob
1049 1861 1204 1938 carboli.

77 1960 83 1973 ’
139 1968 239 2053 ”cam
269 1970 415 2073 fidem,
467 1968 555 2045 dum
594 1971 736 2045 interim
768 1972 959 2046 abarbaris
994 1976 1203 2052 nationibus

154 2085 276 2165 Roma
303 2083 360 2158 iila
387 2083 590 2180 premitur.
641 2104 683 2157 ac
712 2082 854 2158 tandem
882 2081 1044 2183 oppressa
1078 2085 1204 2163 succu.

157 2199 258 2284 buit,
305 2211 345 2273 ut
392 2194 426 2270 S.
454 2190 607 2270 loannes
635 2212 756 2292 aperte
777 2194 945 2294 praedixit
961 2200 996 2272 in
1021 2196 1078 2273 sua
1101 2203 1202 2298 Apo.

155 2305 298 2411 calypsr.
363 2302 446 2383 Post
493 2303 569 2383 haec
618 2322 739 2381 autem
790 2310 913 2383 omnia
961 2307 1107 2385 Saniios
1160 2314 1201 2388 in

62 2476 67 2487 ·
156 2425 259 2501 coeio
303 2417 425 2497 Deum
455 2415 500 2492 de
531 2417 603 2493 boc
638 2417 773 2496 iudicio
812 2417 1058 2518 glorificantes
1096 2423 1204 2500 indu-

158 2540 231 2619 cit,
276 2546 313 2609 et
340 2546 506 2607 canentes
538 2526 693 2604 Alleluia.
753 2529 879 2617 Salus,
918 2543 951 2605 et
978 2530 1129 2619 Gloria,
1167 2547 1202 2610 et

157 2649 278 2722 virtus
304 2641 377 2716 Deo
400 2637 512 2724 nulirn
529 2636 573 2721 eli
587 2664 595 2711 :
611 2643 694 2733 quin
714 2653 850 2714 vernet
871 2640 958 2725 iussu
974 2646 1104 2719 iudicia
1114 2645 1202 2740 sunt

158 2759 262 2840 eius,
293 2755 355 2846 qui
373 2749 548 2824 iudicavit
576 2749 617 2823 de
642 2754 826 2827 meretrice
850 2775 1004 2848 magna,
1037 2781 1107 2849 que
1125 2782 1202 2832 cm·-

158 2870 259 2960 rupit
288 2876 425 2938 terrum
452 2863 491 2935 in
522 2857 767 2957 prostitutione
793 2862 886 2959 surr,
936 2879 969 2941 et
1000 2869 1201 2945 vindicavit

151 2976 364 3077 sungreinem
380 2973 573 3070 serverum
587 2970 738 3072 suerum
758 2974 798 3051 de
824 2975 987 3055 munibus
1002 2982 1085 3056 eius.

213 3157 328 3259 Supra
355 3151 556 3233 audivimus
577 3151 789 3236 clamantes:
822 3151 973 3234 Vindice
989 3154 1202 3258 fuirgriinem

77 3269 80 3273 ’
158 3268 343 3360 nostrum,
385 3268 443 3346 SS.
472 3269 649 3367 silartyres
678 3270 740 3346 sub
765 3270 901 3347 throno
922 3267 1020 3358 Dei,
1064 3275 1200 3353 iudices

159 3409 292 3485 nempe
315 3386 351 3458 in
383 3405 499 3478 regno
531 3378 601 3457 Dei
624 3398 658 3454 et
685 3380 813 3459 Christi
830 3406 841 3475 ;
873 3383 959 3459 dum
991 3409 1057 3461 uos
1083 3391 1132 3461 rei
1163 3402 1201 3465 et

157 3512 364 3600 peccatores
389 3494 504 3568 adbuc
534 3491 569 3566 in
589 3506 681 3567 terra
701 3492 844 3590 alonge
865 3491 991 3572 stantes
1016 3522 1098 3574 cum
1132 3523 1201 3596 pu.

155 3614 300 3688 blicano
328 3602 489 3682 nonnisi
517 3607 717 3703 propitium
748 3608 853 3680 nobis
884 3601 1005 3684 Deum
1030 3610 1200 3708 implora.

156 3746 259 3806 urus,
309 3742 349 3794 ac
383 3718 496 3813 ignari
531 3717 747 3792 iudiciorum
780 3715 849 3793 Dei
874 3718 1007 3818 (quod
1036 3721 1201 3799 fecerunt

155 3833 274 3910 adbuc
294 3835 329 3906 in
346 3832 411 3904 hac
430 3845 498 3902 vita
518 3845 689 3928 martyres
710 3850 857 3929 quoque
874 3829 1044 3929 exemplo
1072 3833 1103 3907 S.
1121 3834 1201 3909 Ste-

156 3947 264 4046 phani
307 3938 618 4041 protomartyris)
662 3942 767 4017 etiam
802 3964 869 4039 pro
910 3944 1199 4040 persecutoribus

154 4080 258 4134 orare
284 4055 478 4137 debemus,
512 4070 547 4127 et
578 4047 765 4149 deplorare
793 4049 883 4128 maia
907 4055 1048 4152 generis
1074 4057 1202 4132 huma..

154 4176 221 4255 ni,
254 4180 365 4267 prout
395 4158 604 4261 exemplum
630 4161 802 4241 habemus
832 4188 944 4262 porro
966 4165 1045 4266 post
1074 4165 1201 4247 Romae

152 4283 384 4364 vastationem
409 4273 497 4356 inS.
513 4269 754 4376 Hieronymo.
795 4272 865 4354 Etsi
892 4276 964 4378 ipse
991 4280 1096 4357 etiam
1122 4277 1202 4360 sio,

1076 4415 1145 4470 mae

1093 4722 1111 4775 Ι
