2512 4620
226 166 375 328 reguum
408 195 535 293 cirili
550 204 590 285 ira
605 204 718 308 rem'r
735 223 764 288 c·
785 199 968 288 XXXVI,
1048 223 1123 303 335
1208 300 1211 305 st

86 367 190 451 Guii.
226 365 460 447 Malmerbur.
498 358 916 452 testimouium'reddit,
955 411 988 458 -.,‚
1009 364 1126 442 doco-

87 540 120 576 ,,,
144 495 311 562 mentum
336 482 463 575 iugem
505 480 522 573 (
547 475 693 577 iuquit).
728 478 1059 577 magnanimitatis,
1090 495 1127 555 et

88 651 114 689 „
143 589 366 668 fortitudinia
386 588 533 684 Caroli,
565 591 628 688 qui
650 613 799 667 omnem
817 604 957 685 aetatem
983 591 1126 697 triverit

90 763 115 799 „
147 707 183 781 io
211 702 313 781 bellis
343 716 470 783 contra
500 723 662 801 paganos
690 699 775 779 Deo
797 700 944 779 rebelles
958 756 1003 795 „.,
1035 697 1127 781 Prae·

91 835 150 899 ter
172 815 308 893 Aeaeos
333 825 369 890 et
391 810 550 894 Hormos
576 813 683 888 etiam
711 811 923 893 Sclavorum
943 813 1127 914 apostolae

90 930 167 1006 dici
187 925 347 1033 potest.
384 923 451 1003 his
478 947 540 1023 per
574 921 742 1022 Pipiuum
774 922 888 1006 fotum
918 925 1134 1025 subiugatis..

91 1040 209 1119 Adam
241 1033 438 1117 Bremeusis
467 1038 502 1110 in
537 1034 679 1116 historia
708 1032 933 1115 ecclesiarum
955 1036 1122 1140 septentr.

92 1152 286 1233 meminit.
311 1147 487 1226 carolum
514 1144 736 1246 mquidem
764 1145 1018 1248 Hamlmrgum
1038 1173 1129 1233 cou-

92 1257 239 1343 stituille
256 1259 467 1340 Sclarorum
483 1257 750 1360 Dauorumque
778 1261 1035 1362 metropolim,
1067 1262 1127 1341 sed

92 1399 182 1453 cum
213 1370 391 1449 obstacula
422 1373 731 1458 obmoverentor,
761 1369 825 1450 sub
846 1369 1037 1490 Ludovico
1059 1372 1127 1454 Pio

93 1485 219 1564 Caroli
245 1484 318 1560 filio
337 1506 383 1558 ex
412 1482 555 1560 fundata
578 1484 624 1559 ah
650 1473 713 1560 illo
744 1481 900 1564 Corbeia
930 1510 1025 1564 nova
1054 1486 1128 1565 An.

93 1597 272 1675 [chorium
311 1594 393 1670 inde
430 1593 631 1695 apostolum
671 1592 861 1676 Dauorum
891 1597 1127 1697 'progreffum
1235 1584 1241 1597 ’

94 1708 178 1791 elle,
203 1705 430 1806 Egiuhardus
444 1704 578 1792 condito
591 1707 814 1799 imperatoris
833 1719 867 1786 et
882 1706 1129 1810 Romuuipon-

93 1820 196 1916 tificr'r
207 1814 613 1902 urrdurituteEbbonem
626 1815 840 1898 Rementem
853 1818 1006 1918 archiep.
1025 1845 1132 1899 evan·

94 1935 234 2030 gelium
254 1929 369 2012 [lauis
381 1926 592 2030 praedicalse.
610 1952 815 2011 memorans
833 1930 958 2009 subdit:
968 1929 1129 2009 Ludori.

95 2068 181 2125 curu
194 2042 294 2123 Pium
308 2038 1130 2140 conciliiordinationeAnichariumflambur··

97 2155 244 2254 geni'em
275 2153 580 2252 archiepiscopum
608 2152 758 2229 ecclesiis
792 2151 1129 2253 septentrionalibus

97 2267 264 2366 regendis
289 2263 478 2364 praefecisse
499 2264 708 2346 autoritate
723 2263 893 2347 Paschalis
915 2264 951 2344 P.
975 2265 1129 2364 legatum

97 2382 136 2454 r'n
157 2376 315 2457 omnibus
325 2375 488 2473 pertidus
502 2400 651 2453 uirorum
666 2374 800 2458 maone
821 2377 977 2469 Remenfi
994 2381 1129 2457 arcere.

95 2485 263 2589 piscopo,
301 2493 361 2586 qui
389 2488 597 2583 legationem
623 2501 704 2566 onte
716 2487 927 2589 susceperat.
958 2493 1033 2568 Sub
1059 2491 1131 2593 Lu.

99 2604 235 2683 dorico
255 2600 299 2678 ll.
329 2605 415 2698 imp.
441 2601 622 2678 Anicharii
643 2601 738 2679 [edes
765 2626 809 2677 ex
838 2605 926 2678 urbe
948 2601 1131 2684 Hambur-

100 2713 249 2812 genfiin
272 2710 498 2790 Bremeniem
524 2713 573 2788 est
602 2711 778 2789 translata.
828 2711 986 2791 -uteffuir
1015 2740 1130 2812 augu-

101 2828 149 2901 sta
168 2848 259 2922 geos
273 2824 504 2922 carolingica
527 2827 667 2924 pietatis
688 2823 755 2903 luae
779 2826 816 2899 in
838 2821 961 2901 Deum
985 2827 1131 2927 eiusque

100 2934 290 3017 Ecclefiam
317 2937 557 3033 militantem,
597 2959 751 3034 reguum
787 2910 918 3015 Christi
947 2938 982 3011 in
1000 2943 1129 3024 terris,

100 3050 257 3125 fructum
283 3052 319 3123 in
342 3049 537 3124 concordia
564 3045 746 3124 sacerdotii
776 3063 812 3123 et
837 3050 1008 3151 imperii,
1056 3072 1131 3155 quo

100 3162 198 3239 autu
221 3163 433 3265 cumprimis
455 3161 523 3242 fuit
545 3163 582 3238 io
605 3159 743 3245 Carolo
768 3154 827 3250 M.

160 3370 307 3449 Utinam
327 3395 412 3449 vero
428 3396 528 3473 pares
540 3369 602 3447 fibi
621 3371 772 3452 Carolus
791 3372 886 3451 seros
905 3387 1056 3474 nepotes
1071 3371 1134 3450 ha·

103 3481 251 3565 buiffer,
275 3508 412 3583 necque
436 3508 520 3559 uero
539 3483 690 3584 dispares
709 3488 881 3584 imperio,
914 3489 1064 3584 impares
1080 3488 1136 3563 iu-

103 3599 219 3693 genio
236 3593 388 3672 Carolus
410 3595 565 3681 Calvoa,
591 3593 758 3683 Craisos,
784 3596 990 3695 Simplices,
1011 3595 1136 3677 Ludo·

104 3711 206 3782 vicos
222 3705 369 3791 Balbos,
399 3707 575 3793 lufantes,
605 3732 762 3806 quorum
778 3725 839 3786 aut
856 3708 1053 3798 discordia,
1073 3731 1136 3789 aut

104 3822 247 3915 ignavia
267 3842 308 3894 ac
332 3819 571 3896 imbecillitate
605 3822 752 3919 augusta
779 3844 832 3898 res
859 3821 1016 3922 driperiit
1044 3822 1135 3898 drisi-

105 3951 195 4036 pata
260 3928 414 4009 Carolus
430 3926 561 4009 Caluus
580 3929 709 4013 Roma
727 3953 901 4013 coronam
914 3936 1134 4034 imperialem

900 4043 1080 4123 Ludorici
