2506 4958
151 564 210 660 9ss
505 546 653 651 decutio
679 550 844 635 militum
957 659 965 667 ι

141 718 277 829 surm
304 716 421 796 omnir
443 716 569 810 enm,
592 717 714 819 quise
736 740 859 817 regem
870 710 996 817 fucit,
1033 718 1218 799 menendi·

153 832 212 912 cit
246 830 398 932 Cesar&
434 826 483 913 Bt
508 834 642 911 iterum
667 834 738 909 iarn
761 852 833 936 pro
856 828 1029 910 tribunali
1050 832 1220 925 sedenti,

159 968 203 1027 rc
223 945 380 1023 dicenti:
419 940 505 1021 nen
533 942 612 1023 llere
632 938 780 1040 nedem
811 940 876 1031 Et,
907 965 1029 1040 regem
1059 942 1219 1035 oellrunr

57 1060 62 1067 “
159 1054 406 1155 mutfignm?
434 1052 474 1147 u)
496 1055 780 1159 respondentes:
800 1076 872 1131 nun
886 1052 1057 1135 ratenus
1073 1081 1217 1158 regem,

138 1166 228 1264 onst
253 1166 448 1271 Censorem,
464 1184 593 1248 contro
612 1169 648 1248 se
669 1168 765 1271 ipson
788 1168 1038 1251 testimonium
1058 1170 1217 1267 dieunt,

159 1281 420 1385 declarantque
444 1282 632 1382 impletam
657 1279 728 1361 elle
758 1280 1019 1384 prophetiam,
1049 1282 1140 1364 dum
1164 1286 1219 1365 st·

22 1452 25 1457 -
161 1408 311 1485 tentor,
340 1394 522 1497 seregent
543 1418 624 1477 non
639 1394 798 1483 habere,
828 1391 893 1471 nifi
914 1394 1102 1475 Caesnrem.
1163 1397 1219 1478 Ut

160 1508 197 1589 se
217 1508 411 1589 extricaret
430 1504 585 1600 Pilatus,
603 1507 694 1589 dicit
711 1510 781 1587 eit:
793 1502 845 1599 fd)
859 1510 1008 1607 occipite
1028 1531 1109 1585 rum
1124 1534 1217 1601 nus.

158 1620 196 1699 et'
218 1618 439 1719 mcffigite:
468 1617 732 1721 Responderunt
757 1621 793 1698 ei
818 1618 928 1697 ludes
940 1643 951 1699 r
999 1618 1079 1701 Nur
1103 1620 1218 1722 legent

160 1729 354 1823 idemus,
382 1742 419 1812 et
429 1730 624 1833 ferundum
652 1731 765 1833 legem
791 1729 890 1811 dedet
916 1734 1025 1811 muri.
1237 1737 1241 1751 '

215 1892 350 1976 Adhuc
372 1892 484 1977 heret
508 1892 665 1984 Pilatus,
691 1908 730 1975 et
752 1896 870 1995 mugit
889 1896 1025 1974 timuit.
1083 1892 1131 1974 di
1158 1898 1219 1975 in·

155 2006 294 2111 gressus
326 2004 373 2098 esi
388 2011 601 2107 preturium
630 2010 787 2098 iterum.
817 2020 853 2087 et
874 2008 972 2085 dixit
999 2006 1049 2085 ud
1072 2006 1217 2107 Iesum:

163 2120 265 2203 Unde
286 2142 328 2199 es
347 2123 430 2199 eu?
458 2118 555 2219 lesus
582 2132 702 2199 antem
730 2116 933 2223 responsum
956 2144 1027 2199 non
1042 2120 1152 2211 ¹dedit
1170 2124 1215 2202 ei.

23 2232 26 2239 '
84 2304 93 2315 .
157 2234 214 2317 stc
238 2232 265 2313 fi
292 2228 437 2311 sllentio
462 2232 530 2313 sno
551 2236 865 2337 incompetentem
882 2233 1041 2313 iudicem
1062 2235 1218 2335 perhor-

159 2348 343 2441 resceret3
367 2344 504 2425 Pilatus
529 2370 642 2437 vero,
673 2352 737 2452 qui
765 2364 868 2425 antea
891 2348 1216 2426 mirabatur-vehe-

158 2474 326 2555 menter,
357 2460 458 2558 quod
484 2458 648 2538 Christus
676 2461 721 2537 nd
744 2460 986 2539 accusationes
1005 2456 1216 2540 ludaeorum

160 2599 240 2653 nnn
266 2571 529 2672 responderet,
560 2571 674 2657 mini,
701 2574 775 2660 ait,
816 2595 887 2647 non
915 2571 1104 2669 loqueris?
1139 2566 1218 2650 Ne.

149 2684 248 2787 scis,
279 2684 363 2779 quin
380 2678 583 2780 putellutem
611 2680 719 2759 huben
748 2681 952 2779 crucifigere
970 2696 1035 2772 te,
1065 2696 1101 2761 et
1114 2699 1216 2784 pute.

159 2793 284 2888 liutem
299 2791 409 2872 heheu
431 2792 612 2872 dimittere
637 2803 682 2869 te.
742 2793 839 2890 Qun
863 2819 955 2873 vero
977 2797 1028 2873 est
1051 2796 1128 2876 haec
1145 2824 1217 2899 pn.

6 2908 11 2935 '‘
157 2910 285 2996 testas,
316 2905 381 2985 nisr
408 2906 498 2995 ille,
529 2905 577 2984 de
600 2930 671 3007 qua
696 2904 863 2987 Christus
892 2931 979 2987 cum
1005 2928 1212 3009 caperetur:

157 3019 246 3101 Hac
260 3017 336 3110 esi,
366 3021 438 3108 nit,
473 3017 565 3097 burn
582 3015 718 3109 nestra,
747 3030 781 3097 et
796 3016 943 3120 porcius
962 3019 1214 3117 tenebrarum,

157 3146 231 3238 qun
264 3135 462 3235 deinceps,
505 3146 548 3213 ut
571 3132 632 3213 hic
662 3130 798 3212 Pilatus
835 3150 964 3214 contra
1000 3133 1213 3229 Christum,

157 3244 371 3329 ebulliunt
405 3260 574 3346 potenter
617 3244 727 3325 huius
761 3246 877 3326 saeculi
914 3266 1044 3327 contra
1077 3273 1215 3350 corpur

41 3416 47 3421 -
158 3360 296 3443 Christi
321 3356 513 3439 Ecclefiam
532 3360 570 3434 in
590 3357 661 3437 suis
676 3361 868 3447 membris,
899 3360 969 3439 illis
994 3362 1213 3462 praesertim,

33 4486 73 4574 ln

157 3475 292 3576 quibus
316 3471 514 3571 regendam
536 3470 622 3570 post
648 3469 683 3547 se
707 3467 897 3549 Ecclesiam
926 3498 1041 3578 usque
1059 3476 1103 3552 ad
1121 3498 1214 3553 con,

157 3588 440 3665 summationem
457 3582 575 3661 saecnli
593 3580 776 3662 commisit
804 3584 994 3675 Christus,
1027 3601 1067 3664 ut
1092 3587 1126 3665 se
1145 3588 1212 3667 sun

158 3696 358 3801 exemplo,
401 3693 428 3773 ll
465 3694 616 3796 quando
646 3697 771 3797 iniqua
795 3696 987 3777 inferretur
1012 3699 1210 3790 violentia,

157 3809 387 3896 solarentur,
419 3810 700 3910 erigerentque,
736 3810 890 3910 perinde
911 3814 947 3889 in
973 3810 1068 3899 illie,
1108 3837 1150 3891 nc
1171 3816 1212 3891 in

157 3922 222 4010 se,
253 3922 400 4004 Christo
426 3921 462 3998 id
484 3924 740 4020 permittente,
770 3945 847 3998 non
865 3921 1065 4022 legitimam
1091 3948 1212 4024 agno·

159 4034 280 4114 scente
304 4034 541 4136 potestatem:
576 4050 689 4133 prout
711 4033 947 4136 intelligendu
975 4035 1056 4114 sunt
1077 4037 1215 4117 Christi

157 4150 293 4228 rerba:
340 4144 428 4224 Nou
462 4142 606 4224 studeret
633 4142 838 4246 potestatem
862 4150 903 4225 in
925 4170 1009 4241 me,
1051 4148 1118 4241 nid
1140 4146 1213 4229 tibi

197 4415 232 4492 e)
253 4414 297 4481 ln.
319 4410 409 4479 xlx.
472 4414 507 4495 d)
527 4411 610 4482 soen.
632 4410 723 4481 xlx
746 4419 783 4483 6.-
821 4432 853 4485 e.
874 4424 905 4493 8.
927 4416 993 4486 &0
