<?xml version="1.0" encoding="UTF-8"?>
<!DOCTYPE html PUBLIC "-//W3C//DTD XHTML 1.0 Transitional//EN"
    "http://www.w3.org/TR/xhtml1/DTD/xhtml1-transitional.dtd">
<html xmlns="http://www.w3.org/1999/xhtml" xml:lang="en" lang="en">
 <head>
  <title>
</title>
<meta http-equiv="Content-Type" content="text/html;charset=utf-8" />
  <meta name='ocr-system' content='tesseract 3.04.00' />
  <meta name='ocr-capabilities' content='ocr_page ocr_carea ocr_par ocr_line ocrx_word'/>
</head>
<body>
  <div class='ocr_page' id='page_1' title='image "./ecclesiamilitan01gerbgoog_0452.png"; bbox 0 0 2506 4958; ppageno 0'>
   <div class='ocr_carea' id='block_1_1' title="bbox 116 62 142 119">
    <p class='ocr_par' dir='ltr' id='par_1_1' title="bbox 116 62 142 119">
     <span class='ocr_line' id='line_1_1' title="bbox 116 62 142 119; baseline 0 0"><span class='ocrx_word' id='word_1_1' title='bbox 116 62 142 119; x_wconf 62' lang='lat' dir='ltr'>fi</span> 
     </span>
    </p>
   </div>
   <div class='ocr_carea' id='block_1_2' title="bbox 247 237 1106 339">
    <p class='ocr_par' dir='ltr' id='par_1_2' title="bbox 247 237 1106 339">
     <span class='ocr_line' id='line_1_2' title="bbox 247 237 1106 339; baseline 0.001 -20"><span class='ocrx_word' id='word_1_2' title='bbox 247 262 398 339; x_wconf 80' lang='lat' dir='ltr'>regnum</span> <span class='ocrx_word' id='word_1_3' title='bbox 418 237 547 331; x_wconf 67' lang='lat' dir='ltr'>Christi</span> <span class='ocrx_word' id='word_1_4' title='bbox 561 243 736 317; x_wconf 76' lang='lat' dir='ltr'>interris.</span> <span class='ocrx_word' id='word_1_5' title='bbox 756 261 786 316; x_wconf 87' lang='lat' dir='ltr'>c.</span> <span class='ocrx_word' id='word_1_6' title='bbox 804 237 947 317; x_wconf 83' lang='lat' dir='ltr'><em>XLIII.</em></span> <span class='ocrx_word' id='word_1_7' title='bbox 1055 255 1106 320; x_wconf 72' lang='grc' dir='ltr'>σι</span> 
     </span>
    </p>
   </div>
   <div class='ocr_carea' id='block_1_3' title="bbox 72 401 1205 3864">
    <p class='ocr_par' dir='ltr' id='par_1_3' title="bbox 72 401 1205 3864">
     <span class='ocr_line' id='line_1_3' title="bbox 73 401 1114 491; baseline -0.002 -6"><span class='ocrx_word' id='word_1_8' title='bbox 73 403 195 485; x_wconf 69' lang='lat' dir='ltr'>ffilurn</span> <span class='ocrx_word' id='word_1_9' title='bbox 221 401 383 482; x_wconf 82' lang='lat' dir='ltr'>Ecclefiae</span> <span class='ocrx_word' id='word_1_10' title='bbox 425 402 936 491; x_wconf 85' lang='lat' dir='ltr'>catholicaeadretsabantut,</span> <span class='ocrx_word' id='word_1_11' title='bbox 986 425 1114 484; x_wconf 79' lang='lat' dir='ltr'>rerum</span> 
     </span>
     <span class='ocr_line' id='line_1_4' title="bbox 73 516 1110 616; baseline -0.002 -20"><span class='ocrx_word' id='word_1_12' title='bbox 73 519 185 596; x_wconf 83' lang='lat' dir='ltr'>etiam</span> <span class='ocrx_word' id='word_1_13' title='bbox 208 522 342 594; x_wconf 88' lang='lat' dir='ltr'>mutuis</span> <span class='ocrx_word' id='word_1_14' title='bbox 359 523 451 592; x_wconf 89' lang='lat' dir='ltr'>inter</span> <span class='ocrx_word' id='word_1_15' title='bbox 465 517 532 594; x_wconf 83' lang='lat' dir='ltr'>sese</span> <span class='ocrx_word' id='word_1_16' title='bbox 554 516 787 601; x_wconf 72' lang='lat' dir='ltr'>fatiionibus,</span> <span class='ocrx_word' id='word_1_17' title='bbox 809 516 930 616; x_wconf 85' lang='lat' dir='ltr'>quales</span> <span class='ocrx_word' id='word_1_18' title='bbox 950 519 1110 594; x_wconf 84' lang='lat' dir='ltr'>exordio</span> 
     </span>
     <span class='ocr_line' id='line_1_5' title="bbox 74 625 1121 729; baseline -0.001 -22"><span class='ocrx_word' id='word_1_19' title='bbox 74 629 193 707; x_wconf 84' lang='lat' dir='ltr'>statIm</span> <span class='ocrx_word' id='word_1_20' title='bbox 223 629 256 705; x_wconf 86' lang='lat' dir='ltr'>se</span> <span class='ocrx_word' id='word_1_21' title='bbox 285 630 524 729; x_wconf 89' lang='lat' dir='ltr'>prodiderunt</span> <span class='ocrx_word' id='word_1_22' title='bbox 559 632 654 704; x_wconf 88' lang='lat' dir='ltr'>inter</span> <span class='ocrx_word' id='word_1_23' title='bbox 681 625 884 706; x_wconf 89' lang='lat' dir='ltr'>Lutherum</span> <span class='ocrx_word' id='word_1_24' title='bbox 917 644 955 705; x_wconf 89' lang='lat' dir='ltr'>et</span> <span class='ocrx_word' id='word_1_25' title='bbox 983 626 1121 706; x_wconf 71' lang='lat' dir='ltr'>Zwin·=</span> 
     </span>
     <span class='ocr_line' id='line_1_6' title="bbox 72 742 1113 842; baseline 0.004 -27"><span class='ocrx_word' id='word_1_26' title='bbox 72 742 217 842; x_wconf 70' lang='lat' dir='ltr'>gnum,</span> <span class='ocrx_word' id='word_1_27' title='bbox 250 742 294 815; x_wconf 89' lang='lat' dir='ltr'>de</span> <span class='ocrx_word' id='word_1_28' title='bbox 312 743 444 840; x_wconf 90' lang='lat' dir='ltr'>quibus</span> <span class='ocrx_word' id='word_1_29' title='bbox 466 745 675 827; x_wconf 78' lang='lat' dir='ltr'>Incertum,</span> <span class='ocrx_word' id='word_1_30' title='bbox 705 744 788 840; x_wconf 89' lang='lat' dir='ltr'>quis</span> <span class='ocrx_word' id='word_1_31' title='bbox 817 763 945 816; x_wconf 88' lang='lat' dir='ltr'>eorum</span> <span class='ocrx_word' id='word_1_32' title='bbox 975 745 1113 840; x_wconf 85' lang='lat' dir='ltr'>primus</span> 
     </span>
     <span class='ocr_line' id='line_1_7' title="bbox 72 851 1115 951; baseline -0.001 -20"><span class='ocrx_word' id='word_1_33' title='bbox 72 853 237 931; x_wconf 83' lang='lat' dir='ltr'>novandi</span> <span class='ocrx_word' id='word_1_34' title='bbox 266 851 456 950; x_wconf 82' lang='lat' dir='ltr'>susceperit</span> <span class='ocrx_word' id='word_1_35' title='bbox 479 853 662 929; x_wconf 88' lang='lat' dir='ltr'>studium:</span> <span class='ocrx_word' id='word_1_36' title='bbox 708 851 850 951; x_wconf 83' lang='lat' dir='ltr'>fuitque</span> <span class='ocrx_word' id='word_1_37' title='bbox 870 854 963 928; x_wconf 85' lang='lat' dir='ltr'>inter</span> <span class='ocrx_word' id='word_1_38' title='bbox 991 859 1115 951; x_wconf 81' lang='lat' dir='ltr'>praci-</span> 
     </span>
     <span class='ocr_line' id='line_1_8' title="bbox 75 961 1114 1066; baseline 0 -24"><span class='ocrx_word' id='word_1_39' title='bbox 75 988 166 1066; x_wconf 84' lang='lat' dir='ltr'>puaa</span> <span class='ocrx_word' id='word_1_40' title='bbox 191 964 310 1041; x_wconf 83' lang='lat' dir='ltr'>causas</span> <span class='ocrx_word' id='word_1_41' title='bbox 337 963 501 1039; x_wconf 78' lang='lat' dir='ltr'>diffenfio</span> <span class='ocrx_word' id='word_1_42' title='bbox 519 967 610 1039; x_wconf 85' lang='lat' dir='ltr'>inter</span> <span class='ocrx_word' id='word_1_43' title='bbox 631 963 726 1062; x_wconf 87' lang='lat' dir='ltr'>ipsos</span> <span class='ocrx_word' id='word_1_44' title='bbox 754 961 1017 1053; x_wconf 73' lang='lat' dir='ltr'>protestantes,</span> <span class='ocrx_word' id='word_1_45' title='bbox 1046 991 1114 1044; x_wconf 88' lang='lat' dir='ltr'>cur</span> 
     </span>
     <span class='ocr_line' id='line_1_9' title="bbox 76 1075 1112 1174; baseline -0.001 -19"><span class='ocrx_word' id='word_1_46' title='bbox 76 1075 239 1155; x_wconf 85' lang='lat' dir='ltr'>coneilio</span> <span class='ocrx_word' id='word_1_47' title='bbox 269 1075 489 1152; x_wconf 83' lang='lat' dir='ltr'>Tridentino</span> <span class='ocrx_word' id='word_1_48' title='bbox 520 1075 705 1174; x_wconf 80' lang='lat' dir='ltr'>praesentes</span> <span class='ocrx_word' id='word_1_49' title='bbox 739 1076 770 1150; x_wconf 88' lang='lat' dir='ltr'>se</span> <span class='ocrx_word' id='word_1_50' title='bbox 799 1075 915 1153; x_wconf 85' lang='lat' dir='ltr'>fistere</span> <span class='ocrx_word' id='word_1_51' title='bbox 941 1077 1112 1154; x_wconf 75' lang='lat' dir='ltr'>detreda-</span> 
     </span>
     <span class='ocr_line' id='line_1_10' title="bbox 75 1185 1114 1289; baseline 0.004 -25"><span class='ocrx_word' id='word_1_52' title='bbox 75 1207 177 1274; x_wconf 89' lang='lat' dir='ltr'>rent,</span> <span class='ocrx_word' id='word_1_53' title='bbox 205 1205 266 1264; x_wconf 91' lang='lat' dir='ltr'>aut</span> <span class='ocrx_word' id='word_1_54' title='bbox 290 1207 541 1285; x_wconf 80' lang='lat' dir='ltr'>comparentes</span> <span class='ocrx_word' id='word_1_55' title='bbox 561 1188 604 1263; x_wconf 90' lang='lat' dir='ltr'>ad</span> <span class='ocrx_word' id='word_1_56' title='bbox 622 1189 794 1264; x_wconf 90' lang='lat' dir='ltr'>unitatem</span> <span class='ocrx_word' id='word_1_57' title='bbox 813 1187 897 1264; x_wconf 86' lang='lat' dir='ltr'>fidei</span> <span class='ocrx_word' id='word_1_58' title='bbox 922 1185 1114 1289; x_wconf 76' lang='lat' dir='ltr'>sinumque</span> 
     </span>
     <span class='ocr_line' id='line_1_11' title="bbox 77 1297 1112 1398; baseline 0 -19"><span class='ocrx_word' id='word_1_59' title='bbox 77 1297 240 1379; x_wconf 76' lang='lat' dir='ltr'>Ecctefiae</span> <span class='ocrx_word' id='word_1_60' title='bbox 274 1303 438 1376; x_wconf 86' lang='lat' dir='ltr'>revocari</span> <span class='ocrx_word' id='word_1_61' title='bbox 472 1324 546 1376; x_wconf 91' lang='lat' dir='ltr'>non</span> <span class='ocrx_word' id='word_1_62' title='bbox 581 1303 777 1398; x_wconf 89' lang='lat' dir='ltr'>potuerint.</span> <span class='ocrx_word' id='word_1_63' title='bbox 839 1298 988 1376; x_wconf 87' lang='lat' dir='ltr'>Interim</span> <span class='ocrx_word' id='word_1_64' title='bbox 1022 1301 1112 1380; x_wconf 89' lang='lat' dir='ltr'>dum</span> 
     </span>
     <span class='ocr_line' id='line_1_12' title="bbox 77 1409 1114 1514; baseline 0.005 -28"><span class='ocrx_word' id='word_1_65' title='bbox 77 1409 244 1514; x_wconf 83' lang='lat' dir='ltr'>proceffu</span> <span class='ocrx_word' id='word_1_66' title='bbox 285 1415 460 1510; x_wconf 88' lang='lat' dir='ltr'>temporis</span> <span class='ocrx_word' id='word_1_67' title='bbox 493 1412 692 1487; x_wconf 87' lang='lat' dir='ltr'>concilium</span> <span class='ocrx_word' id='word_1_68' title='bbox 734 1410 903 1490; x_wconf 87' lang='lat' dir='ltr'>Trident.</span> <span class='ocrx_word' id='word_1_69' title='bbox 943 1412 1114 1514; x_wconf 79' lang='lat' dir='ltr'>prospere</span> 
     </span>
     <span class='ocr_line' id='line_1_13' title="bbox 74 1521 1114 1625; baseline 0 -23"><span class='ocrx_word' id='word_1_70' title='bbox 74 1541 220 1623; x_wconf 86' lang='lat' dir='ltr'>ageret,</span> <span class='ocrx_word' id='word_1_71' title='bbox 252 1538 359 1624; x_wconf 87' lang='lat' dir='ltr'>atque</span> <span class='ocrx_word' id='word_1_72' title='bbox 383 1524 538 1601; x_wconf 82' lang='lat' dir='ltr'>Carolus</span> <span class='ocrx_word' id='word_1_73' title='bbox 558 1521 604 1600; x_wconf 87' lang='lat' dir='ltr'>V.</span> <span class='ocrx_word' id='word_1_74' title='bbox 636 1525 751 1621; x_wconf 84' lang='lat' dir='ltr'>magis</span> <span class='ocrx_word' id='word_1_75' title='bbox 776 1527 872 1612; x_wconf 82' lang='lat' dir='ltr'>iarn,</span> <span class='ocrx_word' id='word_1_76' title='bbox 918 1547 1027 1625; x_wconf 88' lang='lat' dir='ltr'>quam</span> <span class='ocrx_word' id='word_1_77' title='bbox 1050 1550 1114 1604; x_wconf 88' lang='lat' dir='ltr'>an·</span> 
     </span>
     <span class='ocr_line' id='line_1_14' title="bbox 78 1633 1115 1736; baseline 0.003 -23"><span class='ocrx_word' id='word_1_78' title='bbox 78 1653 155 1722; x_wconf 87' lang='lat' dir='ltr'>tea,</span> <span class='ocrx_word' id='word_1_79' title='bbox 174 1637 206 1712; x_wconf 92' lang='lat' dir='ltr'>ei</span> <span class='ocrx_word' id='word_1_80' title='bbox 222 1638 532 1735; x_wconf 83' lang='lat' dir='ltr'>patrocinaretur,</span> <span class='ocrx_word' id='word_1_81' title='bbox 551 1659 625 1712; x_wconf 90' lang='lat' dir='ltr'>non</span> <span class='ocrx_word' id='word_1_82' title='bbox 644 1633 868 1714; x_wconf 83' lang='lat' dir='ltr'>obstantibus</span> <span class='ocrx_word' id='word_1_83' title='bbox 891 1638 1115 1736; x_wconf 83' lang='lat' dir='ltr'>interipsum</span> 
     </span>
     <span class='ocr_line' id='line_1_15' title="bbox 76 1747 1112 1847; baseline 0.003 -22"><span class='ocrx_word' id='word_1_84' title='bbox 76 1767 113 1825; x_wconf 87' lang='lat' dir='ltr'>et</span> <span class='ocrx_word' id='word_1_85' title='bbox 156 1771 279 1846; x_wconf 85' lang='lat' dir='ltr'>regern</span> <span class='ocrx_word' id='word_1_86' title='bbox 318 1747 441 1826; x_wconf 77' lang='lat' dir='ltr'>Galliac</span> <span class='ocrx_word' id='word_1_87' title='bbox 481 1765 590 1847; x_wconf 89' lang='lat' dir='ltr'>atque</span> <span class='ocrx_word' id='word_1_88' title='bbox 622 1749 712 1824; x_wconf 87' lang='lat' dir='ltr'>adeo</span> <span class='ocrx_word' id='word_1_89' title='bbox 748 1748 861 1846; x_wconf 87' lang='lat' dir='ltr'>ipsum</span> <span class='ocrx_word' id='word_1_90' title='bbox 901 1749 1112 1846; x_wconf 86' lang='lat' dir='ltr'>pontificem</span> 
     </span>
     <span class='ocr_line' id='line_1_16' title="bbox 77 1858 1114 1959; baseline 0 -23"><span class='ocrx_word' id='word_1_91' title='bbox 77 1858 248 1945; x_wconf 85' lang='lat' dir='ltr'>diffidiis,</span> <span class='ocrx_word' id='word_1_92' title='bbox 279 1862 475 1959; x_wconf 89' lang='lat' dir='ltr'>impetatur</span> <span class='ocrx_word' id='word_1_93' title='bbox 503 1858 822 1936; x_wconf 83' lang='lat' dir='ltr'>aProtel’tantibus</span> <span class='ocrx_word' id='word_1_94' title='bbox 842 1860 964 1936; x_wconf 88' lang='lat' dir='ltr'>hostili</span> <span class='ocrx_word' id='word_1_95' title='bbox 987 1863 1114 1945; x_wconf 87' lang='lat' dir='ltr'>animo</span> 
     </span>
     <span class='ocr_line' id='line_1_17' title="bbox 77 1969 1115 2071; baseline 0.004 -25"><span class='ocrx_word' id='word_1_96' title='bbox 77 1976 235 2071; x_wconf 87' lang='lat' dir='ltr'>petitur:</span> <span class='ocrx_word' id='word_1_97' title='bbox 267 1969 465 2070; x_wconf 79' lang='lat' dir='ltr'>suipicIone</span> <span class='ocrx_word' id='word_1_98' title='bbox 495 1976 600 2057; x_wconf 89' lang='lat' dir='ltr'>etiam</span> <span class='ocrx_word' id='word_1_99' title='bbox 630 1975 721 2047; x_wconf 87' lang='lat' dir='ltr'>inter</span> <span class='ocrx_word' id='word_1_100' title='bbox 755 1972 860 2048; x_wconf 85' lang='lat' dir='ltr'>status</span> <span class='ocrx_word' id='word_1_101' title='bbox 893 1987 973 2048; x_wconf 89' lang='lat' dir='ltr'>otta</span> <span class='ocrx_word' id='word_1_102' title='bbox 1000 1972 1044 2048; x_wconf 88' lang='lat' dir='ltr'>de</span> <span class='ocrx_word' id='word_1_103' title='bbox 1063 1971 1115 2050; x_wconf 85' lang='lat' dir='ltr'>af·</span> 
     </span>
     <span class='ocr_line' id='line_1_18' title="bbox 74 2082 1203 2187; baseline 0 -27"><span class='ocrx_word' id='word_1_104' title='bbox 74 2083 200 2160; x_wconf 73' lang='lat' dir='ltr'>sedata</span> <span class='ocrx_word' id='word_1_105' title='bbox 223 2082 435 2162; x_wconf 82' lang='lat' dir='ltr'>succeffione</span> <span class='ocrx_word' id='word_1_106' title='bbox 461 2088 603 2185; x_wconf 89' lang='lat' dir='ltr'>imperii</span> <span class='ocrx_word' id='word_1_107' title='bbox 630 2083 848 2161; x_wconf 84' lang='lat' dir='ltr'>haereditaria</span> <span class='ocrx_word' id='word_1_108' title='bbox 866 2087 902 2160; x_wconf 91' lang='lat' dir='ltr'>in</span> <span class='ocrx_word' id='word_1_109' title='bbox 931 2082 987 2160; x_wconf 86' lang='lat' dir='ltr'>sua</span> <span class='ocrx_word' id='word_1_110' title='bbox 1009 2083 1115 2160; x_wconf 84' lang='lat' dir='ltr'>fami·</span> <span class='ocrx_word' id='word_1_111' title='bbox 1201 2182 1203 2187; x_wconf 67' lang='lat'>,</span> 
     </span>
     <span class='ocr_line' id='line_1_19' title="bbox 76 2192 1114 2297; baseline 0.003 -26"><span class='ocrx_word' id='word_1_112' title='bbox 76 2195 141 2288; x_wconf 89' lang='lat' dir='ltr'>lia;</span> <span class='ocrx_word' id='word_1_113' title='bbox 172 2220 256 2273; x_wconf 90' lang='lat' dir='ltr'>cum</span> <span class='ocrx_word' id='word_1_114' title='bbox 289 2215 408 2274; x_wconf 88' lang='lat' dir='ltr'>tamen</span> <span class='ocrx_word' id='word_1_115' title='bbox 431 2195 480 2274; x_wconf 83' lang='lat' dir='ltr'>sui</span> <span class='ocrx_word' id='word_1_116' title='bbox 506 2196 674 2296; x_wconf 89' lang='lat' dir='ltr'>deinceps</span> <span class='ocrx_word' id='word_1_117' title='bbox 700 2192 911 2274; x_wconf 81' lang='lat' dir='ltr'>succeffotes</span> <span class='ocrx_word' id='word_1_118' title='bbox 930 2192 970 2291; x_wconf 81' lang='lat' dir='ltr'>a)</span> <span class='ocrx_word' id='word_1_119' title='bbox 994 2219 1114 2297; x_wconf 80' lang='lat' dir='ltr'>nequo</span> 
     </span>
     <span class='ocr_line' id='line_1_20' title="bbox 78 2301 1205 2409; baseline 0 -25"><span class='ocrx_word' id='word_1_120' title='bbox 78 2308 408 2386; x_wconf 60' lang='lat' dir='ltr'>coronari‘Romae</span> <span class='ocrx_word' id='word_1_121' title='bbox 439 2312 475 2385; x_wconf 92' lang='lat' dir='ltr'>in</span> <span class='ocrx_word' id='word_1_122' title='bbox 503 2312 738 2409; x_wconf 85' lang='lat' dir='ltr'>imperatores</span> <span class='ocrx_word' id='word_1_123' title='bbox 766 2301 850 2409; x_wconf 92' lang='lat' dir='ltr'>(de</span> <span class='ocrx_word' id='word_1_124' title='bbox 870 2307 936 2385; x_wconf 85' lang='lat' dir='ltr'>alia</span> <span class='ocrx_word' id='word_1_125' title='bbox 968 2331 1114 2385; x_wconf 90' lang='lat' dir='ltr'>monat-</span> <span class='ocrx_word' id='word_1_126' title='bbox 1202 2400 1205 2406; x_wconf 23' lang='lat'><strong>⁴</strong></span> 
     </span>
     <span class='ocr_line' id='line_1_21' title="bbox 77 2419 1115 2522; baseline -0.001 -26"><span class='ocrx_word' id='word_1_127' title='bbox 77 2420 157 2498; x_wconf 90' lang='lat' dir='ltr'>chia</span> <span class='ocrx_word' id='word_1_128' title='bbox 193 2421 376 2497; x_wconf 85' lang='lat' dir='ltr'>universali</span> <span class='ocrx_word' id='word_1_129' title='bbox 408 2447 462 2498; x_wconf 90' lang='lat' dir='ltr'>res</span> <span class='ocrx_word' id='word_1_130' title='bbox 490 2419 558 2499; x_wconf 83' lang='lat' dir='ltr'>effe</span> <span class='ocrx_word' id='word_1_131' title='bbox 591 2446 666 2499; x_wconf 91' lang='lat' dir='ltr'>non</span> <span class='ocrx_word' id='word_1_132' title='bbox 702 2424 823 2522; x_wconf 88' lang='lat' dir='ltr'>potuit</span> <span class='ocrx_word' id='word_1_133' title='bbox 851 2434 978 2498; x_wconf 87' lang='lat' dir='ltr'>contra</span> <span class='ocrx_word' id='word_1_134' title='bbox 1011 2444 1115 2522; x_wconf 87' lang='lat' dir='ltr'>aper·</span> 
     </span>
     <span class='ocr_line' id='line_1_22' title="bbox 78 2531 1116 2632; baseline 0 -24"><span class='ocrx_word' id='word_1_135' title='bbox 78 2547 150 2608; x_wconf 88' lang='lat' dir='ltr'>tarn</span> <span class='ocrx_word' id='word_1_136' title='bbox 186 2535 413 2632; x_wconf 88' lang='lat' dir='ltr'>prophetiam</span> <span class='ocrx_word' id='word_1_137' title='bbox 446 2533 540 2611; x_wconf 91' lang='lat' dir='ltr'>Dan.</span> <span class='ocrx_word' id='word_1_138' title='bbox 562 2531 606 2612; x_wconf 89' lang='lat'>11.</span> <span class='ocrx_word' id='word_1_139' title='bbox 640 2534 684 2610; x_wconf 86' lang='lat' dir='ltr'>de</span> <span class='ocrx_word' id='word_1_140' title='bbox 703 2554 738 2626; x_wconf 88' lang='lat'>4.</span> <span class='ocrx_word' id='word_1_141' title='bbox 772 2532 1013 2610; x_wconf 87' lang='lat' dir='ltr'>monarchiis:</span> <span class='ocrx_word' id='word_1_142' title='bbox 1053 2532 1116 2608; x_wconf 80' lang='lat' dir='ltr'>cio-</span> 
     </span>
     <span class='ocr_line' id='line_1_23' title="bbox 77 2641 1119 2742; baseline 0.005 -26"><span class='ocrx_word' id='word_1_143' title='bbox 77 2667 139 2718; x_wconf 85' lang='lat' dir='ltr'>net</span> <span class='ocrx_word' id='word_1_144' title='bbox 171 2641 330 2741; x_wconf 76' lang='lat' dir='ltr'>absciffus</span> <span class='ocrx_word' id='word_1_145' title='bbox 361 2641 404 2732; x_wconf 76' lang='lat' dir='ltr'>eli</span> <span class='ocrx_word' id='word_1_146' title='bbox 433 2643 520 2742; x_wconf 79' lang='lat' dir='ltr'>Iapis</span> <span class='ocrx_word' id='word_1_147' title='bbox 549 2646 591 2721; x_wconf 84' lang='lat' dir='ltr'>de</span> <span class='ocrx_word' id='word_1_148' title='bbox 621 2659 738 2721; x_wconf 83' lang='lat' dir='ltr'>monte</span> <span class='ocrx_word' id='word_1_149' title='bbox 761 2641 831 2733; x_wconf 73' lang='lat' dir='ltr'>fine</span> <span class='ocrx_word' id='word_1_150' title='bbox 868 2643 1049 2730; x_wconf 78' lang='lat' dir='ltr'>monibus,</span> <span class='ocrx_word' id='word_1_151' title='bbox 1080 2656 1119 2721; x_wconf 65' lang='lat' dir='ltr'>aa</span> 
     </span>
     <span class='ocr_line' id='line_1_24' title="bbox 75 2749 1116 2852; baseline 0.004 -24"><span class='ocrx_word' id='word_1_152' title='bbox 75 2753 235 2851; x_wconf 75' lang='lat' dir='ltr'>percuffit</span> <span class='ocrx_word' id='word_1_153' title='bbox 254 2753 403 2840; x_wconf 79' lang='lat' dir='ltr'>lintutrm</span> <span class='ocrx_word' id='word_1_154' title='bbox 430 2759 468 2829; x_wconf 87' lang='lat' dir='ltr'>in</span> <span class='ocrx_word' id='word_1_155' title='bbox 490 2752 635 2852; x_wconf 84' lang='lat' dir='ltr'>pedibus</span> <span class='ocrx_word' id='word_1_156' title='bbox 662 2760 735 2832; x_wconf 85' lang='lat' dir='ltr'>aiut</span> <span class='ocrx_word' id='word_1_157' title='bbox 754 2753 915 2852; x_wconf 80' lang='lat' dir='ltr'>ferreis,</span> <span class='ocrx_word' id='word_1_158' title='bbox 946 2749 1116 2850; x_wconf 73' lang='lat' dir='ltr'>ecstdilr&#39;·</span> 
     </span>
     <span class='ocr_line' id='line_1_25' title="bbox 79 2863 1111 2954; baseline 0.006 -14"><span class='ocrx_word' id='word_1_159' title='bbox 79 2864 167 2948; x_wconf 74' lang='lat' dir='ltr'>hats,</span> <span class='ocrx_word' id='word_1_160' title='bbox 199 2876 232 2938; x_wconf 79' lang='lat' dir='ltr'>et</span> <span class='ocrx_word' id='word_1_161' title='bbox 251 2869 458 2940; x_wconf 71' lang='lat' dir='ltr'>comminuit</span> <span class='ocrx_word' id='word_1_162' title='bbox 474 2863 562 2954; x_wconf 85' lang='lat' dir='ltr'>eos)</span> <span class='ocrx_word' id='word_1_163' title='bbox 593 2866 784 2945; x_wconf 87' lang='lat' dir='ltr'>volueriut.</span> <span class='ocrx_word' id='word_1_164' title='bbox 844 2869 897 2946; x_wconf 85' lang='lat' dir='ltr'>Ad</span> <span class='ocrx_word' id='word_1_165' title='bbox 920 2867 1044 2948; x_wconf 85' lang='lat' dir='ltr'>Caroli</span> <span class='ocrx_word' id='word_1_166' title='bbox 1063 2868 1111 2946; x_wconf 91' lang='lat' dir='ltr'>V.</span> 
     </span>
     <span class='ocr_line' id='line_1_26' title="bbox 82 2978 1113 3080; baseline 0.009 -31"><span class='ocrx_word' id='word_1_167' title='bbox 82 2978 144 3076; x_wconf 88' lang='lat' dir='ltr'>qui</span> <span class='ocrx_word' id='word_1_168' title='bbox 161 2979 351 3076; x_wconf 90' lang='lat' dir='ltr'>imperium</span> <span class='ocrx_word' id='word_1_169' title='bbox 367 2978 478 3055; x_wconf 79' lang='lat' dir='ltr'>inscio</span> <span class='ocrx_word' id='word_1_170' title='bbox 495 3002 536 3056; x_wconf 90' lang='lat' dir='ltr'>ac</span> <span class='ocrx_word' id='word_1_171' title='bbox 553 2983 668 3056; x_wconf 86' lang='lat' dir='ltr'>invito</span> <span class='ocrx_word' id='word_1_172' title='bbox 683 2978 791 3058; x_wconf 87' lang='lat' dir='ltr'>Rom.</span> <span class='ocrx_word' id='word_1_173' title='bbox 809 2979 917 3059; x_wconf 84' lang='lat' dir='ltr'>Pont.</span> <span class='ocrx_word' id='word_1_174' title='bbox 933 2981 1113 3080; x_wconf 82' lang='lat' dir='ltr'>deposuit,</span> 
     </span>
     <span class='ocr_line' id='line_1_27' title="bbox 80 3088 1115 3192; baseline 0.008 -28"><span class='ocrx_word' id='word_1_175' title='bbox 80 3106 115 3164; x_wconf 89' lang='lat' dir='ltr'>et</span> <span class='ocrx_word' id='word_1_176' title='bbox 136 3090 178 3164; x_wconf 87' lang='lat' dir='ltr'>ad</span> <span class='ocrx_word' id='word_1_177' title='bbox 194 3088 469 3169; x_wconf 81' lang='lat' dir='ltr'>Maximilianii.</span> <span class='ocrx_word' id='word_1_178' title='bbox 488 3095 573 3192; x_wconf 91' lang='lat' dir='ltr'>(qui</span> <span class='ocrx_word' id='word_1_179' title='bbox 602 3115 789 3192; x_wconf 88' lang='lat' dir='ltr'>perperam</span> <span class='ocrx_word' id='word_1_180' title='bbox 813 3093 942 3170; x_wconf 88' lang='lat' dir='ltr'>dicitur</span> <span class='ocrx_word' id='word_1_181' title='bbox 966 3092 1115 3172; x_wconf 83' lang='lat' dir='ltr'>titulum</span> 
     </span>
     <span class='ocr_line' id='line_1_28' title="bbox 80 3199 1116 3304; baseline 0.005 -26"><span class='ocrx_word' id='word_1_182' title='bbox 80 3199 262 3281; x_wconf 87' lang='lat' dir='ltr'>Pontificis</span> <span class='ocrx_word' id='word_1_183' title='bbox 283 3201 458 3291; x_wconf 83' lang='lat' dir='ltr'>Maximi,</span> <span class='ocrx_word' id='word_1_184' title='bbox 488 3228 596 3304; x_wconf 88' lang='lat' dir='ltr'>quem</span> <span class='ocrx_word' id='word_1_185' title='bbox 618 3207 852 3304; x_wconf 86' lang='lat' dir='ltr'>imperatores</span> <span class='ocrx_word' id='word_1_186' title='bbox 873 3205 1050 3283; x_wconf 85' lang='lat' dir='ltr'>christiani</span> <span class='ocrx_word' id='word_1_187' title='bbox 1070 3209 1116 3283; x_wconf 90' lang='lat' dir='ltr'>ab</span> 
     </span>
     <span class='ocr_line' id='line_1_29' title="bbox 80 3311 1187 3415; baseline 0.005 -26"><span class='ocrx_word' id='word_1_188' title='bbox 80 3311 358 3392; x_wconf 84' lang='lat' dir='ltr'>antecefforibus</span> <span class='ocrx_word' id='word_1_189' title='bbox 400 3318 597 3415; x_wconf 76' lang='lat' dir='ltr'>gentilibus</span> <span class='ocrx_word' id='word_1_190' title='bbox 632 3317 676 3392; x_wconf 90' lang='lat' dir='ltr'>ad</span> <span class='ocrx_word' id='word_1_191' title='bbox 714 3316 746 3393; x_wconf 85' lang='lat' dir='ltr'>se</span> <span class='ocrx_word' id='word_1_192' title='bbox 779 3316 1118 3395; x_wconf 75' lang='lat' dir='ltr'>transmiffumali-</span> <span class='ocrx_word' id='word_1_193' title='bbox 1185 3322 1187 3326; x_wconf 49' lang='lat'><strong>⁴</strong></span> 
     </span>
     <span class='ocr_line' id='line_1_30' title="bbox 81 3425 1117 3530; baseline 0.005 -30"><span class='ocrx_word' id='word_1_194' title='bbox 81 3428 253 3523; x_wconf 86' lang='lat' dir='ltr'>quamdiu</span> <span class='ocrx_word' id='word_1_195' title='bbox 279 3425 480 3526; x_wconf 83' lang='lat' dir='ltr'>geffetunt,</span> <span class='ocrx_word' id='word_1_196' title='bbox 510 3425 706 3516; x_wconf 75' lang='lat' dir='ltr'>affenaffe)</span> <span class='ocrx_word' id='word_1_197' title='bbox 734 3431 943 3529; x_wconf 85' lang='lat' dir='ltr'>exemplum</span> <span class='ocrx_word' id='word_1_198' title='bbox 976 3452 1117 3530; x_wconf 86' lang='lat' dir='ltr'>provo·</span> 
     </span>
     <span class='ocr_line' id='line_1_31' title="bbox 80 3534 1114 3626; baseline 0.008 -16"><span class='ocrx_word' id='word_1_199' title='bbox 80 3534 207 3611; x_wconf 85' lang='lat' dir='ltr'>carunt</span> <span class='ocrx_word' id='word_1_200' title='bbox 233 3536 470 3616; x_wconf 84' lang='lat' dir='ltr'>Maximiliani</span> <span class='ocrx_word' id='word_1_201' title='bbox 501 3538 544 3617; x_wconf 88' lang='grc' dir='ltr'>ΙΙ.</span> <span class='ocrx_word' id='word_1_202' title='bbox 576 3553 764 3626; x_wconf 85' lang='lat' dir='ltr'>oratores,</span> <span class='ocrx_word' id='word_1_203' title='bbox 795 3542 1114 3618; x_wconf 85' lang='lat' dir='ltr'>confirmationem</span> 
     </span>
     <span class='ocr_line' id='line_1_32' title="bbox 82 3646 1115 3751; baseline 0.009 -29"><span class='ocrx_word' id='word_1_204' title='bbox 82 3648 151 3724; x_wconf 79' lang='lat' dir='ltr'>Iuae</span> <span class='ocrx_word' id='word_1_205' title='bbox 175 3646 353 3727; x_wconf 79' lang='lat' dir='ltr'>eledionis</span> <span class='ocrx_word' id='word_1_206' title='bbox 377 3649 588 3751; x_wconf 86' lang='lat' dir='ltr'>apontifice</span> <span class='ocrx_word' id='word_1_207' title='bbox 615 3665 760 3749; x_wconf 86' lang='lat' dir='ltr'>petere,</span> <span class='ocrx_word' id='word_1_208' title='bbox 793 3654 889 3730; x_wconf 88' lang='lat' dir='ltr'>etde</span> <span class='ocrx_word' id='word_1_209' title='bbox 907 3655 1115 3732; x_wconf 86' lang='lat' dir='ltr'>obedientia</span> 
     </span>
     <span class='ocr_line' id='line_1_33' title="bbox 81 3761 1116 3864; baseline 0.009 -29"><span class='ocrx_word' id='word_1_210' title='bbox 81 3761 330 3838; x_wconf 87' lang='lat' dir='ltr'>iusiurandum</span> <span class='ocrx_word' id='word_1_211' title='bbox 356 3766 520 3864; x_wconf 83' lang='lat' dir='ltr'>praestare</span> <span class='ocrx_word' id='word_1_212' title='bbox 556 3762 777 3851; x_wconf 67' lang='lat' dir='ltr'>racusanus.</span> <span class='ocrx_word' id='word_1_213' title='bbox 836 3782 876 3847; x_wconf 88' lang='lat' dir='ltr'>ut</span> <span class='ocrx_word' id='word_1_214' title='bbox 905 3766 1050 3864; x_wconf 74' lang='lat' dir='ltr'>Saepius</span> <span class='ocrx_word' id='word_1_215' title='bbox 1078 3768 1116 3844; x_wconf 88' lang='lat' dir='ltr'>in</span> 
     </span>
    </p>
   </div>
   <div class='ocr_carea' id='block_1_4' title="bbox 973 3877 1054 3956">
    <p class='ocr_par' dir='ltr' id='par_1_4' title="bbox 973 3877 1054 3956">
     <span class='ocr_line' id='line_1_34' title="bbox 973 3877 1054 3956; baseline 0.025 -2"><span class='ocrx_word' id='word_1_216' title='bbox 973 3877 1054 3956; x_wconf 78' lang='lat' dir='ltr'>hitt</span> 
     </span>
    </p>
   </div>
   <div class='ocr_carea' id='block_1_5' title="bbox 123 4032 802 4120">
    <p class='ocr_par' dir='ltr' id='par_1_5' title="bbox 123 4032 802 4120">
     <span class='ocr_line' id='line_1_35' title="bbox 123 4032 802 4120; baseline 0 -16"><span class='ocrx_word' id='word_1_217' title='bbox 123 4037 158 4118; x_wconf 76' lang='lat' dir='ltr'>a)</span> <span class='ocrx_word' id='word_1_218' title='bbox 181 4035 247 4103; x_wconf 85' lang='lat' dir='ltr'>Vid.</span> <span class='ocrx_word' id='word_1_219' title='bbox 274 4039 356 4120; x_wconf 85' lang='lat' dir='ltr'>Sarp.</span> <span class='ocrx_word' id='word_1_220' title='bbox 383 4032 454 4106; x_wconf 72' lang='lat' dir='ltr'>nist</span> <span class='ocrx_word' id='word_1_221' title='bbox 477 4055 559 4105; x_wconf 79' lang='lat' dir='ltr'>cont.</span> <span class='ocrx_word' id='word_1_222' title='bbox 583 4035 667 4106; x_wconf 82' lang='lat' dir='ltr'>Trid.</span> <span class='ocrx_word' id='word_1_223' title='bbox 691 4037 741 4106; x_wconf 86' lang='lat' dir='ltr'>lib.</span> <span class='ocrx_word' id='word_1_224' title='bbox 767 4037 802 4113; x_wconf 82' lang='lat' dir='ltr'>V.</span> 
     </span>
    </p>
   </div>
   <div class='ocr_carea' id='block_1_6' title="bbox 0 0 1262 4958">
    <p class='ocr_par' dir='ltr' id='par_1_6' title="bbox 0 0 1262 4958">
     <span class='ocr_line' id='line_1_36' title="bbox 0 0 1262 4958; baseline 0 0"><span class='ocrx_word' id='word_1_225' title='bbox 0 0 1262 4958; x_wconf 95' lang='lat' dir='ltr'> </span> 
     </span>
    </p>
   </div>
  </div>
 </body>
</html>
