2506 4958
116 564 173 652 46
440 546 612 648 ¹Eccleiiu
640 549 800 663 militaus

114 713 281 819 soufeffiss
297 710 350 797 ed.
411 711 455 791 Et
478 718 517 791 iu
540 714 698 795 omuibus
712 719 784 803 iis,
806 726 841 793 et
849 729 917 814 per
935 718 1053 793 omnin
1071 716 1164 795 idem

118 831 211 908 Deus
245 829 354 905 Puter
382 825 593 917 ostenditur,
626 833 688 925 qui
707 827 902 929 plasmavit
926 829 1103 905 homiuem
1131 843 1165 905 et

115 943 352 1021 hereditatem
394 950 500 1018 terre
534 939 695 1036 promidt
715 940 904 1038 putribus,
945 946 1008 1038 qui
1043 943 1167 1017 eduxit

115 1056 212 1134 iilum
253 1057 291 1128 in
320 1049 573 1145 resurrettione
606 1051 811 1143 indorum,
865 1064 900 1130 et
928 1053 1165 1152 promiffluuer

114 1166 350 1265 adimpletur
368 1161 444 1260 filii
468 1164 529 1264 sui
549 1189 711 1263 regnum.

172 1330 389 1431 supponere
411 1327 487 1407 haec
515 1328 684 1407 ridentur
709 1327 937 1427 corporalem
970 1329 1165 1430 quamdam
1210 1357 1212 1361 ·

115 1441 409 1523 resurrectionem
437 1446 616 1541 primam:
654 1440 816 1542 alioqum
842 1441 993 1517 libenter
1019 1445 1055 1517 in
1090 1442 1166 1517 sen-

115 1560 265 1633 tentiam
300 1552 432 1632 Erasnsi
468 1552 707 1631 Roterodami
737 1552 1000 1639 concesserim,
1032 1557 1095 1653 qui
1128 1557 1165 1631 iu

84 1716 87 1720 Δ
115 1687 336 1766 argumento
368 1667 473 1744 huius
504 1666 565 1743 lib.
607 1663 653 1743 V.
685 1689 732 1741 ex
767 1668 884 1741 verbis
914 1667 948 1743 S.
969 1669 1162 1764 martyris:

115 1777 197 1871 Pur
230 1781 434 1874 recipientes
457 1795 607 1873 corpora
630 1832 641 1864 ,
687 1789 722 1853 et
740 1773 891 1876 perfecie
916 1774 1164 1873 resurgentes,

116 1892 330 1971 subindicari
352 1905 469 1991 putat,
484 1891 638 1990 aliquam
655 1893 854 1965 animarum
872 1889 1166 1967 resurretionem

117 2003 363 2102 imperieiiam
393 2017 486 2079 ante
521 2026 721 2101 corporum
763 2001 1069 2079 resurrectionem.
1129 2003 1166 2081 8.

71 2203 79 2221 „
116 2112 328 2202 Victorinus
357 2131 491 2214 martyr
520 2117 556 2188 in
585 2113 725 2191 scholiis
745 2116 780 2188 in
816 2114 928 2214 Apoo
954 2111 1047 2191 XX.
1077 2114 1167 2191 duaa

117 2228 339 2324 distinguens
371 2225 670 2311 resurretionem
711 2229 910 2323 generatim
936 2225 1100 2326 loquitur
1130 2224 1167 2315 o)

118 2340 163 2416 de
190 2344 303 2439 prima
322 2339 517 2415 eletiorum
545 2337 651 2413 huius
676 2340 755 2414 vitae
773 2338 1048 2414 resurrediione:
1083 2336 1167 2412 Pri·

118 2476 202 2537 mo,
235 2454 284 2527 ait
307 2449 515 2548 resurresiio
542 2473 635 2524 uuus
663 2447 706 2535 eii
735 2454 939 2524 uniusorum
964 2449 1165 2551 perfidem,

119 2588 192 2660 qua
220 2587 289 2637 uon
304 2565 485 2659 permittit
510 2560 666 2636 homines
698 2560 849 2650 trnufire
875 2562 923 2636 od
948 2574 1097 2637 mortem
1108 2562 1166 2660 se-

120 2674 275 2752 cuudum.
339 2673 392 2748 De
415 2673 480 2748 huc
495 2670 747 2761 rauserediioue
773 2672 860 2747 dicit
884 2671 1088 2768 Apodulus:
1127 2676 1165 2751 Si

121 2785 354 2863 reiurrexistis
375 2809 458 2860 cum
489 2783 657 2870 Christo,
687 2808 765 2884 quae
790 2785 923 2861 surium
951 2787 1030 2862 sunt
1047 2786 1165 2886 sapite.

120 2899 274 2976 Additur
302 2921 346 2972 ex
389 2895 533 2994 Apocal.
578 2895 704 2971 Beatus
727 2907 760 2970 st
777 2896 941 2983 Sentius,
973 2902 1034 2994 qrri
1063 2898 1166 2974 saties

119 3012 160 3086 in
185 3011 250 3085 huc
269 3006 520 3097 reuersurum
543 3020 709 3104 purtem3
738 3011 777 3082 in
809 3006 880 3093 iliis
895 3008 1047 3104 secundo
1070 3032 1165 3084 mors

121 3144 191 3196 unu
224 3118 365 3197 nasetur
391 3117 617 3217 nutritorem,
643 3119 839 3220 sederunt
870 3121 1068 3198 Sacerdotes
1096 3122 1166 3197 Dei

121 3245 155 3311 et
180 3230 329 3319 cursus,
352 3245 385 3308 et
404 3229 603 3328 regnabunt
622 3256 700 3308 cerm
716 3233 772 3308 ido
792 3233 885 3309 mide
900 3237 1012 3310 annis.
1072 3233 1166 3313 Cor·

121 3362 248 3447 ruptus
279 3345 365 3420 mihi
398 3369 473 3420 non
508 3345 649 3419 videtur
686 3342 1070 3431 &victoriarium
1102 3350 1167 3446 qui

121 3463 159 3535 in
186 3459 289 3535 editis
310 3456 491 3556 sequitur:
523 3454 629 3530 Mide
649 3479 824 3530 usrsrorurn
848 3481 998 3553 reguum
1018 3481 1085 3532 uon
1105 3481 1166 3530 ur.

120 3570 238 3646 bitror
257 3566 318 3668 effe
331 3581 510 3642 ateruum.
560 3565 631 3644 Ubi
648 3568 843 3651 Gailandus
860 3571 978 3645 editor
991 3569 1079 3647 Bibi.
1099 3568 1164 3646 ΡΡ.

92 3714 95 3719 ·
121 3685 323 3778 negativam
354 3679 544 3757 delendam
569 3682 783 3766 arbitratur,
827 3680 901 3759 hoc
924 3701 1043 3758 autem
1067 3686 1165 3780 prius

121 3795 166 3867 de
203 3817 317 3888 regno
349 3793 446 3868 miiie
472 3815 652 3867 annorum
681 3793 811 3870 christi
840 3797 877 3869 in
903 3810 995 3871 terra
1024 3795 1069 3868 ab
1101 3793 1165 3869 iilo

121 3906 248 3986 ditiis,
274 3907 415 3979 arnobis
442 3903 550 4003 paulo
572 3923 654 3979 ante
674 3905 805 3989 allatis,
837 3924 1064 4004 repugnaret.
1127 3901 1166 3981 ld

120 4041 206 4092 vero
241 4015 418 4113 {iugulare
458 4016 652 4102 videatur,
700 4016 801 4119 quod
843 4017 888 4093 de
922 4018 1167 4096 sacerdotibus

120 4126 193 4208 Dei
213 4142 249 4205 et
280 4130 436 4217 christi,
465 4151 558 4229 quos
584 4126 705 4228 paffins
733 4129 793 4207 hic
818 4129 949 4209 Christi
974 4128 1096 4207 fideles
1114 4133 1168 4204 in-

1078 4240 1169 4318 tellis

153 4398 190 4476 a)
209 4393 249 4463 τ.
276 4391 325 4459 sn.
351 4390 425 4462 uun
450 4390 501 4462 re.
525 4415 554 4477 p.
579 4399 628 4479 ss.
