2506 4958
230 221 380 312 regnum
401 203 589 299 christiin
605 210 716 291 seriis
737 235 766 292 c.
782 206 929 297 salis·
1034 152 1094 310 Ι81

57 377 221 474 conserui
235 396 377 464 eorum,
408 386 443 452 et
454 371 597 476 fratres
618 398 768 466 eorum,
795 379 860 476 qui
878 380 1093 479 interficien-

57 493 96 570 di
110 491 198 590 sunt
218 488 305 580 ficui
334 501 370 566 et
393 487 457 565 illi.
505 593 508 597 ι
576 487 580 494 ’
656 575 663 585 ἃ

142 654 201 732 Sic
222 648 326 730 sandi
353 666 526 753 martyres
551 647 587 729 in
610 642 714 731 coelis
727 708 751 762 ⁹.
769 650 902 756 qurbus
924 650 1011 735 radii
1033 656 1091 738 di.
1193 729 1197 743 ,

57 768 214 843 vinitatis
240 768 276 839 in
301 765 471 863 operibus
501 763 758 864 providentia,
812 786 848 844 et
865 762 988 866 gratiae
1009 796 1092 872 per.

56 880 167 979 spicui
191 877 292 963 sunt,
324 874 447 954 Deunt
470 876 650 953 vindicent
674 872 870 978 implorant
896 882 931 956 in
957 887 1090 981 patria.

55 1014 125 1068 nos
149 1005 297 1077 autern,
330 1002 370 1066 ut
399 983 563 1067 Christus
590 990 626 1065 in
651 1008 757 1067 cruce
783 1012 852 1090 pro
875 992 1092 1093 crucifigen.

56 1105 174 1187 tibus,
225 1119 262 1178 et
285 1099 489 1199 Stephanus
525 1123 594 1201 pro
623 1098 862 1202 lapidantibus
896 1126 999 1182 orare
1022 1130 1094 1208 pro

57 1212 354 1316 persequentibus
390 1213 568 1290 iubemur.
628 1204 806 1315 Dumque
840 1216 1020 1295 cernimus
1047 1219 1094 1300 ad

56 1327 181 1404 tubam
229 1325 391 1425 quintam
447 1340 613 1424 apertum
664 1339 816 1425 puteum
863 1323 999 1430 abysis:
1055 1344 1094 1412 et

55 1432 244 1516 ascendisse
265 1435 409 1515 sumunt
434 1439 533 1537 putei
551 1431 639 1515 ficut
664 1436 806 1516 fumum
833 1439 997 1544 fornacis,
1019 1467 1094 1522 nra-

57 1573 162 1650 gnae‚
199 1563 235 1626 et
252 1541 483 1627 obscuratum
517 1544 585 1625 elle
618 1546 730 1627 solent
767 1546 813 1627 de
837 1551 942 1630 fumo
965 1560 1091 1654 putei:
1168 1638 1171 1645 ,

57 1685 231 1761 rogemus
267 1656 557 1759 benignissimum
593 1684 752 1745 numen.
797 1677 838 1739 ut
869 1662 1007 1762 dillipet
1036 1667 1094 1746 fu.

58 1795 161 1851 mum
189 1776 286 1873 putei
311 1773 469 1848 fornacis
486 1769 593 1848 huius
613 1794 771 1868 magna,
801 1775 905 1851 cuius
926 1775 974 1850 illi
994 1776 1096 1875 iiam.

55 1910 153 1969 mam
173 1906 242 1984 pro
259 1884 339 1960 luce
358 1881 512 1969 babent,
544 1904 612 1958 nec
635 1883 775 1969 vident,
793 1882 1022 1964 obscuratum
1044 1888 1095 1966 es·

56 1997 92 2075 se
119 1996 229 2072 solem
255 2010 291 2071 et
315 2014 432 2071 aerem
461 1993 506 2068 de
529 1991 633 2070 sunto
666 1994 784 2093 putei,
816 2018 858 2072 ac
890 1999 1095 2077 tenebric04

56 2108 135 2186 lum
151 2108 278 2194 suum,
297 2106 398 2206 quod
416 2103 478 2182 irbi
497 2105 534 2180 in
552 2100 642 2183 sacra
659 2104 893 2205 usurparunt,
925 2133 1092 2208 reguum.

59 2219 223 2314 Quando
247 2217 409 2302 Christus
426 2210 610 2317 apostolos
631 2216 748 2295 lucem
768 2220 893 2296 mundi
918 2214 1119 2321 professus

57 2334 128 2417 est,
162 2324 200 2418 u)
224 2352 294 2406 non
312 2323 443 2428 patrii,
476 2329 618 2413 subdit,
648 2330 776 2405 ciuitas
799 2330 960 2428 abscondi
977 2331 1095 2434 supra
1234 2396 1236 2401 .

58 2452 211 2519 aruntem
238 2439 363 2539 postu:
401 2461 510 2538 neque
542 2441 732 2517 asceudant
764 2440 944 2519 lucernam
974 2457 1008 2522 et
1030 2462 1095 2546 po.

57 2565 149 2630 nunt
177 2576 253 2631 eum
272 2549 341 2651 sub
365 2554 506 2639 modio,
551 2549 611 2644 sed
624 2550 733 2649 super
753 2553 1022 2647 condelabrum,
1053 2569 1094 2634 ut

56 2668 170 2745 luceru
194 2663 381 2752 omnibus,
407 2664 468 2760 qui
490 2664 529 2737 in
545 2660 644 2738 domo
659 2658 767 2758 sunt:
796 2664 891 2742 secus
913 2672 1024 2765 igitur
1053 2690 1096 2748 ao
1190 2730 1195 2746 .
1233 2714 1235 2721 ,

55 2780 213 2865 saslunr.
245 2794 353 2877 atque
371 2801 389 2851 a
406 2774 489 2853 Deo
506 2771 804 2875 promissum,est,
827 2797 1018 2855 novatores
1032 2784 1097 2858 sia.

56 2907 159 2970 tuere
177 2889 330 2982 debent3
361 2887 543 2966 Chrislurn
573 2909 703 2988 nempe
723 2891 931 2977 civitatens,
963 2893 998 2966 id
1023 2895 1092 2980 est,

58 3001 242 3081 ecclesiam
265 3004 301 3075 in
333 3014 459 3075 monte
493 2993 642 3098 posttaut
672 3013 729 3076 tot
757 3001 878 3077 seculis
908 3005 1096 3081 abscondi

58 3135 131 3192 torn
153 3112 221 3191 elle
240 3109 376 3196 livisse.
407 3129 515 3212 atque
535 3109 745 3195 lucernam,
776 3136 883 3213 quam
907 3115 1023 3212 posuit
1042 3117 1060 3192 s
1079 3157 1098 3181 .

59 3224 421 3329 permanentium,
453 3241 493 3300 ut
518 3216 635 3299 luceat
662 3225 851 3309 omnibus,
884 3231 944 3326 qui
972 3229 1007 3302 in
1030 3229 1098 3305 do·

61 3363 124 3416 mo
146 3339 251 3424 suut,
282 3336 343 3413 sub
373 3334 503 3412 modio
524 3332 701 3435 reliquisse
723 3349 805 3410 toto
831 3334 892 3412 illo
911 3357 1096 3436 tempore,

59 3472 135 3551 quo
161 3449 289 3526 deiecit
314 3471 359 3525 ex
383 3446 517 3523 horum
541 3444 712 3524 sententia
741 3442 887 3524 Ecclesia
908 3446 977 3527 Dei
1000 3452 1097 3538 tivi,

60 3585 108 3640 ex
139 3560 308 3637 sententia
343 3558 498 3659 apostoli
527 3555 565 3644 b)
591 3554 752 3634 columna
781 3570 814 3634 et
825 3558 1097 3654 firmamentum
1176 3593 1181 3609 ·

60 3675 240 3752 veritatis.
299 3667 431 3748 Verbis
452 3670 583 3750 Christi
602 3669 716 3746 modo
731 3694 776 3748 ex
799 3667 1099 3752 Marrbaeoallatis

60 3807 152 3864 mox
171 3784 355 3882 subiungit
373 3780 487 3860 Lucas
507 3775 575 3860 ΧΙ.
599 3797 660 3875 34.
677 3802 738 3871 ea,
755 3804 832 3885 quae
854 3782 1015 3865 lllattbael
1030 3781 1098 3868 Vl.

59 3894 170 3978 Toni.
204 3893 245 3971 ll.
393 3993 395 3997 y
576 3888 604 3971 F
973 3916 1040 3980 22.

102 4013 137 4090 a)
159 4006 266 4074 muru
288 4001 324 4068 V.
351 4019 400 4081 rt.
463 4005 498 4084 b)
518 4000 635 4070 L'l’lnr·
659 4002 712 4070 lll.
738 4019 787 4086 ις.
