<?xml version="1.0" encoding="UTF-8"?>
<!DOCTYPE html PUBLIC "-//W3C//DTD XHTML 1.0 Transitional//EN"
    "http://www.w3.org/TR/xhtml1/DTD/xhtml1-transitional.dtd">
<html xmlns="http://www.w3.org/1999/xhtml" xml:lang="en" lang="en">
 <head>
  <title>
</title>
<meta http-equiv="Content-Type" content="text/html;charset=utf-8" />
  <meta name='ocr-system' content='tesseract 3.04.00' />
  <meta name='ocr-capabilities' content='ocr_page ocr_carea ocr_par ocr_line ocrx_word'/>
</head>
<body>
  <div class='ocr_page' id='page_1' title='image "./ecclesiamilitan01gerbgoog_0716.png"; bbox 0 0 2506 4958; ppageno 0'>
   <div class='ocr_carea' id='block_1_1' title="bbox 154 228 1136 347">
    <p class='ocr_par' dir='ltr' id='par_1_1' title="bbox 154 228 1136 347">
     <span class='ocr_line' id='line_1_1' title="bbox 154 228 1136 347; baseline 0.002 -36"><span class='ocrx_word' id='word_1_1' title='bbox 154 298 157 311; x_wconf 88' lang='lat'><em>.</em></span> <span class='ocrx_word' id='word_1_2' title='bbox 284 259 435 335; x_wconf 81' lang='lat' dir='ltr'><strong>regnum</strong></span> <span class='ocrx_word' id='word_1_3' title='bbox 455 230 585 324; x_wconf 75' lang='lat' dir='ltr'><strong>cirilii</strong></span> <span class='ocrx_word' id='word_1_4' title='bbox 600 235 765 311; x_wconf 86' lang='lat' dir='ltr'><strong>interris</strong></span> <span class='ocrx_word' id='word_1_5' title='bbox 781 253 809 310; x_wconf 84' lang='lat' dir='ltr'><strong>e.</strong></span> <span class='ocrx_word' id='word_1_6' title='bbox 830 228 932 347; x_wconf 66' lang='lat' dir='ltr'><em>LXI.</em></span> <span class='ocrx_word' id='word_1_7' title='bbox 1051 252 1136 329; x_wconf 79' lang='lat'><strong>335</strong></span> 
     </span>
    </p>
   </div>
   <div class='ocr_carea' id='block_1_2' title="bbox 88 392 1141 1717">
    <p class='ocr_par' dir='ltr' id='par_1_2' title="bbox 88 392 1141 1717">
     <span class='ocr_line' id='line_1_2' title="bbox 88 392 1138 500; baseline -0.006 -17"><span class='ocrx_word' id='word_1_8' title='bbox 88 430 124 483; x_wconf 87' lang='lat' dir='ltr'><strong>u</strong></span> <span class='ocrx_word' id='word_1_9' title='bbox 152 413 256 481; x_wconf 84' lang='lat' dir='ltr'><strong>tento</strong></span> <span class='ocrx_word' id='word_1_10' title='bbox 286 398 450 500; x_wconf 86' lang='lat' dir='ltr'><strong>periculo</strong></span> <span class='ocrx_word' id='word_1_11' title='bbox 471 421 548 474; x_wconf 90' lang='lat' dir='ltr'><strong>non</strong></span> <span class='ocrx_word' id='word_1_12' title='bbox 580 394 613 474; x_wconf 83' lang='lat' dir='ltr'><strong>se</strong></span> <span class='ocrx_word' id='word_1_13' title='bbox 635 398 762 495; x_wconf 79' lang='lat' dir='ltr'><strong>iunget</strong></span> <span class='ocrx_word' id='word_1_14' title='bbox 787 392 901 474; x_wconf 80' lang='lat' dir='ltr'><strong>Petrae</strong></span> <span class='ocrx_word' id='word_1_15' title='bbox 929 393 1000 481; x_wconf 89' lang='lat' dir='ltr'><strong>iiii,</strong></span> <span class='ocrx_word' id='word_1_16' title='bbox 1030 396 1138 496; x_wconf 76' lang='lat' dir='ltr'><strong>supra</strong></span> 
     </span>
     <span class='ocr_line' id='line_1_3' title="bbox 88 504 1136 621; baseline -0.005 -27"><span class='ocrx_word' id='word_1_17' title='bbox 88 540 200 621; x_wconf 64' lang='lat' dir='ltr'><strong>quam</strong></span> <span class='ocrx_word' id='word_1_18' title='bbox 220 513 254 591; x_wconf 88' lang='lat' dir='ltr'><strong>se</strong></span> <span class='ocrx_word' id='word_1_19' title='bbox 280 511 443 590; x_wconf 85' lang='lat' dir='ltr'><strong>Christus</strong></span> <span class='ocrx_word' id='word_1_20' title='bbox 472 506 635 609; x_wconf 81' lang='lat' dir='ltr'><strong>promitit</strong></span> <span class='ocrx_word' id='word_1_21' title='bbox 655 506 913 586; x_wconf 76' lang='lat' dir='ltr'><strong>aedificaturum</strong></span> <span class='ocrx_word' id='word_1_22' title='bbox 940 504 1136 589; x_wconf 83' lang='lat' dir='ltr'><strong>Ecciefiam</strong></span> 
     </span>
     <span class='ocr_line' id='line_1_4' title="bbox 88 617 1141 721; baseline -0.018 -13"><span class='ocrx_word' id='word_1_23' title='bbox 88 630 214 708; x_wconf 79' lang='lat' dir='ltr'><strong>suam:</strong></span> <span class='ocrx_word' id='word_1_24' title='bbox 247 623 357 703; x_wconf 85' lang='lat' dir='ltr'><strong>Petrae</strong></span> <span class='ocrx_word' id='word_1_25' title='bbox 378 624 427 699; x_wconf 89' lang='lat' dir='ltr'><strong>iiii</strong></span> <span class='ocrx_word' id='word_1_26' title='bbox 456 625 491 697; x_wconf 91' lang='lat' dir='ltr'><strong>in</strong></span> <span class='ocrx_word' id='word_1_27' title='bbox 520 622 599 699; x_wconf 86' lang='lat' dir='ltr'><strong>fede</strong></span> <span class='ocrx_word' id='word_1_28' title='bbox 627 617 742 705; x_wconf 84' lang='lat' dir='ltr'><strong>Petri,</strong></span> <span class='ocrx_word' id='word_1_29' title='bbox 772 634 1027 719; x_wconf 76' lang='lat' dir='ltr'><strong>contraquam</strong></span> <span class='ocrx_word' id='word_1_30' title='bbox 1049 644 1141 721; x_wconf 87' lang='lat' dir='ltr'>por.</span> 
     </span>
     <span class='ocr_line' id='line_1_5' title="bbox 88 734 1139 833; baseline -0.006 -17"><span class='ocrx_word' id='word_1_31' title='bbox 88 756 137 821; x_wconf 78' lang='lat' dir='ltr'><strong>tae</strong></span> <span class='ocrx_word' id='word_1_32' title='bbox 162 736 266 815; x_wconf 84' lang='lat' dir='ltr'><strong>inferi</strong></span> <span class='ocrx_word' id='word_1_33' title='bbox 294 758 369 811; x_wconf 91' lang='lat' dir='ltr'><strong>non</strong></span> <span class='ocrx_word' id='word_1_34' title='bbox 398 734 658 833; x_wconf 72' lang='lat' dir='ltr'><strong>prevalebunt:</strong></span> <span class='ocrx_word' id='word_1_35' title='bbox 689 749 778 808; x_wconf 89' lang='lat' dir='ltr'><strong>tunc</strong></span> <span class='ocrx_word' id='word_1_36' title='bbox 801 735 930 816; x_wconf 86' lang='lat' dir='ltr'><strong>etiam,</strong></span> <span class='ocrx_word' id='word_1_37' title='bbox 960 754 1038 808; x_wconf 88' lang='lat' dir='ltr'><strong>cum</strong></span> <span class='ocrx_word' id='word_1_38' title='bbox 1055 757 1139 810; x_wconf 86' lang='lat' dir='ltr'><strong>con-</strong></span> 
     </span>
     <span class='ocr_line' id='line_1_6' title="bbox 88 839 1136 949; baseline -0.004 -21"><span class='ocrx_word' id='word_1_39' title='bbox 88 843 409 949; x_wconf 72' lang='lat' dir='ltr'><strong>iummuiifuerint</strong></span> <span class='ocrx_word' id='word_1_40' title='bbox 426 847 518 921; x_wconf 77' lang='lat' dir='ltr'><strong>mille</strong></span> <span class='ocrx_word' id='word_1_41' title='bbox 531 847 619 920; x_wconf 86' lang='lat' dir='ltr'><strong>unni</strong></span> <span class='ocrx_word' id='word_1_42' title='bbox 635 839 797 922; x_wconf 83' lang='lat' dir='ltr'><strong>Ecclefiae</strong></span> <span class='ocrx_word' id='word_1_43' title='bbox 822 842 1007 920; x_wconf 83' lang='lat' dir='ltr'><strong>militantis</strong></span> <span class='ocrx_word' id='word_1_44' title='bbox 1029 850 1136 945; x_wconf 84' lang='lat' dir='ltr'><strong>regni</strong></span> 
     </span>
     <span class='ocr_line' id='line_1_7' title="bbox 88 954 1138 1053; baseline -0.016 -12"><span class='ocrx_word' id='word_1_45' title='bbox 88 963 229 1046; x_wconf 82' lang='lat' dir='ltr'><strong>Christi</strong></span> <span class='ocrx_word' id='word_1_46' title='bbox 256 961 430 1045; x_wconf 84' lang='lat' dir='ltr'><strong>interris,</strong></span> <span class='ocrx_word' id='word_1_47' title='bbox 460 956 597 1053; x_wconf 83' lang='lat' dir='ltr'><strong>quando</strong></span> <span class='ocrx_word' id='word_1_48' title='bbox 606 954 771 1051; x_wconf 86' lang='lat' dir='ltr'><strong>solvetur</strong></span> <span class='ocrx_word' id='word_1_49' title='bbox 791 954 943 1031; x_wconf 74' lang='lat' dir='ltr'><strong>Satanas</strong></span> <span class='ocrx_word' id='word_1_50' title='bbox 963 956 1004 1032; x_wconf 85' lang='lat' dir='ltr'><strong>de</strong></span> <span class='ocrx_word' id='word_1_51' title='bbox 1018 980 1138 1035; x_wconf 83' lang='lat' dir='ltr'><strong>ceree.</strong></span> 
     </span>
     <span class='ocr_line' id='line_1_8' title="bbox 88 1066 1137 1171; baseline -0.006 -22"><span class='ocrx_word' id='word_1_52' title='bbox 88 1099 138 1155; x_wconf 87' lang='lat' dir='ltr'><strong>re</strong></span> <span class='ocrx_word' id='word_1_53' title='bbox 155 1072 244 1171; x_wconf 82' lang='lat' dir='ltr'><strong>sun,</strong></span> <span class='ocrx_word' id='word_1_54' title='bbox 269 1083 303 1148; x_wconf 84' lang='lat' dir='ltr'><strong>et</strong></span> <span class='ocrx_word' id='word_1_55' title='bbox 328 1068 439 1148; x_wconf 81' lang='lat' dir='ltr'><strong><em>exibit</em></strong></span> <span class='ocrx_word' id='word_1_56' title='bbox 457 1080 490 1144; x_wconf 90' lang='lat' dir='ltr'><strong>et</strong></span> <span class='ocrx_word' id='word_1_57' title='bbox 507 1067 642 1159; x_wconf 69' lang='lat' dir='ltr'><strong>[educet</strong></span> <span class='ocrx_word' id='word_1_58' title='bbox 661 1078 807 1164; x_wconf 82' lang='lat' dir='ltr'><strong>gentes,</strong></span> <span class='ocrx_word' id='word_1_59' title='bbox 838 1090 911 1162; x_wconf 83' lang='lat' dir='ltr'><strong>que</strong></span> <span class='ocrx_word' id='word_1_60' title='bbox 926 1066 1016 1166; x_wconf 86' lang='lat' dir='ltr'><strong>sunt</strong></span> <span class='ocrx_word' id='word_1_61' title='bbox 1024 1069 1137 1167; x_wconf 82' lang='lat' dir='ltr'><strong>super</strong></span> 
     </span>
     <span class='ocr_line' id='line_1_9' title="bbox 88 1174 1137 1287; baseline -0.013 -24"><span class='ocrx_word' id='word_1_62' title='bbox 88 1196 251 1287; x_wconf 76' lang='lat' dir='ltr'><strong>quatuor</strong></span> <span class='ocrx_word' id='word_1_63' title='bbox 275 1180 421 1278; x_wconf 84' lang='lat' dir='ltr'><strong>ungulos</strong></span> <span class='ocrx_word' id='word_1_64' title='bbox 446 1192 575 1268; x_wconf 84' lang='lat' dir='ltr'><strong>terre,</strong></span> <span class='ocrx_word' id='word_1_65' title='bbox 609 1177 710 1276; x_wconf 61' lang='lat' dir='ltr'><strong>(ing,</strong></span> <span class='ocrx_word' id='word_1_66' title='bbox 740 1191 775 1255; x_wconf 87' lang='lat' dir='ltr'><strong>et</strong></span> <span class='ocrx_word' id='word_1_67' title='bbox 800 1174 968 1275; x_wconf 74' lang='lat' dir='ltr'><em>Magog,</em></span> <span class='ocrx_word' id='word_1_68' title='bbox 998 1193 1038 1276; x_wconf 25' lang='lat' dir='ltr'><strong>et,-</strong></span> <span class='ocrx_word' id='word_1_69' title='bbox 1055 1204 1137 1271; x_wconf 83' lang='lat' dir='ltr'><strong>con.</strong></span> 
     </span>
     <span class='ocr_line' id='line_1_10' title="bbox 88 1290 1139 1400; baseline -0.003 -25"><span class='ocrx_word' id='word_1_70' title='bbox 88 1295 263 1400; x_wconf 76' lang='lat' dir='ltr'><strong>gregebit</strong></span> <span class='ocrx_word' id='word_1_71' title='bbox 278 1318 331 1372; x_wconf 86' lang='lat' dir='ltr'><strong>ens</strong></span> <span class='ocrx_word' id='word_1_72' title='bbox 353 1299 392 1370; x_wconf 88' lang='lat' dir='ltr'><strong>iu</strong></span> <span class='ocrx_word' id='word_1_73' title='bbox 402 1290 589 1390; x_wconf 81' lang='lat' dir='ltr'><strong>proelium,</strong></span> <span class='ocrx_word' id='word_1_74' title='bbox 620 1306 770 1388; x_wconf 82' lang='lat' dir='ltr'><strong>quornm</strong></span> <span class='ocrx_word' id='word_1_75' title='bbox 794 1313 963 1368; x_wconf 81' lang='lat' dir='ltr'><strong>numerus</strong></span> <span class='ocrx_word' id='word_1_76' title='bbox 986 1290 1029 1379; x_wconf 82' lang='lat' dir='ltr'><strong>eii</strong></span> <span class='ocrx_word' id='word_1_77' title='bbox 1050 1291 1139 1384; x_wconf 72' lang='lat' dir='ltr'><strong>ficut</strong></span> 
     </span>
     <span class='ocr_line' id='line_1_11' title="bbox 88 1398 1140 1504; baseline -0.009 -14"><span class='ocrx_word' id='word_1_78' title='bbox 88 1429 209 1491; x_wconf 81' lang='lat' dir='ltr'><strong>arene</strong></span> <span class='ocrx_word' id='word_1_79' title='bbox 228 1409 348 1484; x_wconf 85' lang='lat' dir='ltr'><strong>muris.</strong></span> <span class='ocrx_word' id='word_1_80' title='bbox 411 1403 455 1481; x_wconf 81' lang='lat' dir='ltr'><strong>Et</strong></span> <span class='ocrx_word' id='word_1_81' title='bbox 469 1400 810 1504; x_wconf 82' lang='lat' dir='ltr'><strong>escenderuutsuper</strong></span> <span class='ocrx_word' id='word_1_82' title='bbox 824 1398 1050 1481; x_wconf 78' lang='lat' dir='ltr'><strong>latitudinem</strong></span> <span class='ocrx_word' id='word_1_83' title='bbox 1063 1418 1140 1482; x_wconf 84' lang='lat' dir='ltr'><strong>ter·</strong></span> 
     </span>
     <span class='ocr_line' id='line_1_12' title="bbox 88 1513 1141 1610; baseline -0.005 -8"><span class='ocrx_word' id='word_1_84' title='bbox 88 1546 164 1610; x_wconf 78' lang='lat' dir='ltr'><strong>re‚</strong></span> <span class='ocrx_word' id='word_1_85' title='bbox 193 1532 226 1598; x_wconf 85' lang='lat' dir='ltr'><strong>et</strong></span> <span class='ocrx_word' id='word_1_86' title='bbox 244 1520 464 1598; x_wconf 84' lang='lat' dir='ltr'><strong>circuierunt</strong></span> <span class='ocrx_word' id='word_1_87' title='bbox 488 1513 601 1610; x_wconf 76' lang='lat' dir='ltr'><em>caera</em></span> <span class='ocrx_word' id='word_1_88' title='bbox 625 1515 855 1604; x_wconf 77' lang='lat' dir='ltr'><strong>Sannorum,</strong></span> <span class='ocrx_word' id='word_1_89' title='bbox 896 1527 932 1596; x_wconf 83' lang='lat' dir='ltr'><strong>et</strong></span> <span class='ocrx_word' id='word_1_90' title='bbox 953 1519 1141 1597; x_wconf 81' lang='lat' dir='ltr'><strong>civitatem</strong></span> 
     </span>
     <span class='ocr_line' id='line_1_13' title="bbox 88 1630 268 1717; baseline -0.044 0"><span class='ocrx_word' id='word_1_91' title='bbox 88 1630 268 1717; x_wconf 61' lang='lat' dir='ltr'><strong>dileuum.</strong></span> 
     </span>
    </p>
   </div>
   <div class='ocr_carea' id='block_1_3' title="bbox 88 1783 1148 4137">
    <p class='ocr_par' dir='ltr' id='par_1_3' title="bbox 88 1783 1148 3913">
     <span class='ocr_line' id='line_1_14' title="bbox 183 1783 1141 1893; baseline -0.014 -19"><span class='ocrx_word' id='word_1_92' title='bbox 183 1790 242 1875; x_wconf 83' lang='lat' dir='ltr'><strong>Est</strong></span> <span class='ocrx_word' id='word_1_93' title='bbox 266 1793 326 1870; x_wconf 83' lang='lat' dir='ltr'><strong>ista</strong></span> <span class='ocrx_word' id='word_1_94' title='bbox 352 1790 520 1869; x_wconf 86' lang='lat' dir='ltr'><strong>omnium</strong></span> <span class='ocrx_word' id='word_1_95' title='bbox 544 1783 744 1891; x_wconf 74' lang='lat' dir='ltr'><strong>gravium</strong></span> <span class='ocrx_word' id='word_1_96' title='bbox 767 1812 832 1893; x_wconf 85' lang='lat' dir='ltr'><strong>pet</strong></span> <span class='ocrx_word' id='word_1_97' title='bbox 847 1786 1058 1869; x_wconf 80' lang='lat' dir='ltr'><strong>&#39;uuiversum</strong></span> <span class='ocrx_word' id='word_1_98' title='bbox 1076 1814 1141 1870; x_wconf 89' lang='lat' dir='ltr'><strong>or.</strong></span> 
     </span>
     <span class='ocr_line' id='line_1_15' title="bbox 88 1901 1144 2003; baseline -0.001 -18"><span class='ocrx_word' id='word_1_99' title='bbox 88 1911 183 1993; x_wconf 68' lang='lat' dir='ltr'><strong>bssem</strong></span> <span class='ocrx_word' id='word_1_100' title='bbox 208 1903 427 1991; x_wconf 75' lang='lat' dir='ltr'><strong>catholicum</strong></span> <span class='ocrx_word' id='word_1_101' title='bbox 446 1901 668 2003; x_wconf 80' lang='lat' dir='ltr'><strong>persecutio,</strong></span> <span class='ocrx_word' id='word_1_102' title='bbox 698 1918 804 1981; x_wconf 85' lang='lat' dir='ltr'><strong>erunt</strong></span> <span class='ocrx_word' id='word_1_103' title='bbox 824 1901 1051 1982; x_wconf 85' lang='lat' dir='ltr'><strong>funestiffima</strong></span> <span class='ocrx_word' id='word_1_104' title='bbox 1070 1901 1144 1984; x_wconf 80' lang='lat' dir='ltr'><strong>Ec-</strong></span> 
     </span>
     <span class='ocr_line' id='line_1_16' title="bbox 88 2011 1143 2116; baseline -0.001 -20"><span class='ocrx_word' id='word_1_105' title='bbox 88 2016 209 2113; x_wconf 82' lang='lat' dir='ltr'><strong>ciefiae</strong></span> <span class='ocrx_word' id='word_1_106' title='bbox 235 2017 419 2092; x_wconf 85' lang='lat' dir='ltr'><strong>militantis</strong></span> <span class='ocrx_word' id='word_1_107' title='bbox 436 2016 527 2101; x_wconf 80' lang='lat' dir='ltr'><strong>fata.</strong></span> <span class='ocrx_word' id='word_1_108' title='bbox 557 2014 706 2115; x_wconf 82' lang='lat' dir='ltr'><strong>quando</strong></span> <span class='ocrx_word' id='word_1_109' title='bbox 729 2017 851 2092; x_wconf 83' lang='lat' dir='ltr'><strong>civitas</strong></span> <span class='ocrx_word' id='word_1_110' title='bbox 869 2011 941 2093; x_wconf 88' lang='lat' dir='ltr'><strong>Dei</strong></span> <span class='ocrx_word' id='word_1_111' title='bbox 964 2040 1143 2116; x_wconf 86' lang='lat' dir='ltr'><strong>regnum·-</strong></span> 
     </span>
     <span class='ocr_line' id='line_1_17' title="bbox 88 2124 1143 2235; baseline -0.001 -27"><span class='ocrx_word' id='word_1_112' title='bbox 88 2130 171 2235; x_wconf 86' lang='lat' dir='ltr'><strong>que</strong></span> <span class='ocrx_word' id='word_1_113' title='bbox 197 2124 328 2208; x_wconf 83' lang='lat' dir='ltr'><strong>Christi</strong></span> <span class='ocrx_word' id='word_1_114' title='bbox 358 2130 394 2205; x_wconf 90' lang='lat' dir='ltr'><strong>iu</strong></span> <span class='ocrx_word' id='word_1_115' title='bbox 421 2129 542 2214; x_wconf 85' lang='lat' dir='ltr'><strong>terris,</strong></span> <span class='ocrx_word' id='word_1_116' title='bbox 575 2125 685 2203; x_wconf 88' lang='lat' dir='ltr'><strong>veluti</strong></span> <span class='ocrx_word' id='word_1_117' title='bbox 710 2128 745 2202; x_wconf 90' lang='lat' dir='ltr'><strong>in</strong></span> <span class='ocrx_word' id='word_1_118' title='bbox 772 2125 929 2226; x_wconf 83' lang='lat' dir='ltr'><strong>ptaedam</strong></span> <span class='ocrx_word' id='word_1_119' title='bbox 960 2131 1027 2206; x_wconf 87' lang='lat' dir='ltr'><strong>erit</strong></span> <span class='ocrx_word' id='word_1_120' title='bbox 1049 2133 1143 2208; x_wconf 81' lang='lat' dir='ltr'><strong>civi·-</strong></span> 
     </span>
     <span class='ocr_line' id='line_1_18' title="bbox 89 2236 1146 2340; baseline -0.003 -18"><span class='ocrx_word' id='word_1_121' title='bbox 89 2245 160 2322; x_wconf 85' lang='lat' dir='ltr'><strong>tati</strong></span> <span class='ocrx_word' id='word_1_122' title='bbox 186 2257 334 2318; x_wconf 80' lang='lat' dir='ltr'><strong>terrente</strong></span> <span class='ocrx_word' id='word_1_123' title='bbox 352 2256 388 2316; x_wconf 82' lang='lat' dir='ltr'><strong>et</strong></span> <span class='ocrx_word' id='word_1_124' title='bbox 408 2263 526 2338; x_wconf 86' lang='lat' dir='ltr'><strong>tegno</strong></span> <span class='ocrx_word' id='word_1_125' title='bbox 551 2238 707 2324; x_wconf 87' lang='lat' dir='ltr'><strong>diaboii,</strong></span> <span class='ocrx_word' id='word_1_126' title='bbox 739 2238 913 2340; x_wconf 75' lang='lat' dir='ltr'><strong>eletiique</strong></span> <span class='ocrx_word' id='word_1_127' title='bbox 928 2236 999 2318; x_wconf 88' lang='lat' dir='ltr'><strong>Dei</strong></span> <span class='ocrx_word' id='word_1_128' title='bbox 1019 2245 1056 2317; x_wconf 88' lang='lat' dir='ltr'><strong>in</strong></span> <span class='ocrx_word' id='word_1_129' title='bbox 1074 2244 1146 2319; x_wconf 80' lang='lat' dir='ltr'><strong>tri·-</strong></span> 
     </span>
     <span class='ocr_line' id='line_1_19' title="bbox 92 2346 1144 2452; baseline -0.003 -18"><span class='ocrx_word' id='word_1_130' title='bbox 92 2353 287 2434; x_wconf 84' lang='lat' dir='ltr'><strong>buiatioue</strong></span> <span class='ocrx_word' id='word_1_131' title='bbox 309 2375 465 2452; x_wconf 85' lang='lat' dir='ltr'><strong>magna,</strong></span> <span class='ocrx_word' id='word_1_132' title='bbox 511 2346 626 2447; x_wconf 82' lang='lat' dir='ltr'><strong>qualit</strong></span> <span class='ocrx_word' id='word_1_133' title='bbox 651 2347 812 2449; x_wconf 78' lang='lat' dir='ltr'><strong>nonfuit</strong></span> <span class='ocrx_word' id='word_1_134' title='bbox 836 2348 884 2429; x_wconf 83' lang='lat' dir='ltr'><strong>eb</strong></span> <span class='ocrx_word' id='word_1_135' title='bbox 904 2353 1010 2429; x_wconf 83' lang='lat' dir='ltr'><strong>initio</strong></span> <span class='ocrx_word' id='word_1_136' title='bbox 1034 2376 1144 2431; x_wconf 82' lang='lat' dir='ltr'><strong>muu-</strong></span> 
     </span>
     <span class='ocr_line' id='line_1_20' title="bbox 91 2459 1138 2562; baseline 0.001 -17"><span class='ocrx_word' id='word_1_137' title='bbox 91 2467 137 2545; x_wconf 81' lang='lat' dir='ltr'><strong>di</strong></span> <span class='ocrx_word' id='word_1_138' title='bbox 163 2464 415 2562; x_wconf 82' lang='lat' dir='ltr'><strong>usquemodo,</strong></span> <span class='ocrx_word' id='word_1_139' title='bbox 453 2487 563 2559; x_wconf 81' lang='lat' dir='ltr'><strong>neque</strong></span> <span class='ocrx_word' id='word_1_140' title='bbox 573 2460 640 2560; x_wconf 83' lang='lat' dir='ltr'><strong>fiet</strong></span> <span class='ocrx_word' id='word_1_141' title='bbox 670 2459 708 2553; x_wconf 87' lang='lat' dir='ltr'><strong>u)</strong></span> <span class='ocrx_word' id='word_1_142' title='bbox 736 2466 844 2540; x_wconf 83' lang='lat' dir='ltr'><strong>etiam</strong></span> <span class='ocrx_word' id='word_1_143' title='bbox 869 2463 933 2543; x_wconf 84' lang='lat' dir='ltr'><strong>iub</strong></span> <span class='ocrx_word' id='word_1_144' title='bbox 959 2464 1138 2546; x_wconf 79' lang='lat' dir='ltr'><strong>ditiffimit</strong></span> 
     </span>
     <span class='ocr_line' id='line_1_21' title="bbox 94 2571 1142 2676; baseline -0.003 -18"><span class='ocrx_word' id='word_1_145' title='bbox 94 2577 261 2658; x_wconf 78' lang='lat' dir='ltr'><strong>Eccteuae</strong></span> <span class='ocrx_word' id='word_1_146' title='bbox 282 2578 408 2676; x_wconf 82' lang='lat' dir='ltr'><strong>primis</strong></span> <span class='ocrx_word' id='word_1_147' title='bbox 439 2575 561 2653; x_wconf 82' lang='lat' dir='ltr'><strong>seculis</strong></span> <span class='ocrx_word' id='word_1_148' title='bbox 582 2571 702 2673; x_wconf 82' lang='lat' dir='ltr'><strong>preisae</strong></span> <span class='ocrx_word' id='word_1_149' title='bbox 725 2574 973 2674; x_wconf 81' lang='lat' dir='ltr'><strong>temporibus.</strong></span> <span class='ocrx_word' id='word_1_150' title='bbox 1003 2577 1048 2655; x_wconf 83' lang='lat' dir='ltr'><strong>Et</strong></span> <span class='ocrx_word' id='word_1_151' title='bbox 1073 2576 1142 2670; x_wconf 71' lang='lat' dir='ltr'><strong>mn</strong></span> 
     </span>
     <span class='ocr_line' id='line_1_22' title="bbox 90 2683 1138 2787; baseline -0.001 -19"><span class='ocrx_word' id='word_1_152' title='bbox 90 2688 258 2770; x_wconf 77' lang='lat' dir='ltr'><strong>breviati</strong></span> <span class='ocrx_word' id='word_1_153' title='bbox 279 2683 427 2787; x_wconf 76' lang='lat' dir='ltr'><strong>fuiffeut</strong></span> <span class='ocrx_word' id='word_1_154' title='bbox 462 2689 533 2766; x_wconf 85' lang='lat' dir='ltr'><strong>dies</strong></span> <span class='ocrx_word' id='word_1_155' title='bbox 562 2686 642 2775; x_wconf 81' lang='lat' dir='ltr'><strong>iiii.</strong></span> <span class='ocrx_word' id='word_1_156' title='bbox 688 2709 756 2762; x_wconf 87' lang='lat' dir='ltr'><strong>nnn</strong></span> <span class='ocrx_word' id='word_1_157' title='bbox 771 2683 879 2783; x_wconf 74' lang='lat' dir='ltr'><strong>fleret</strong></span> <span class='ocrx_word' id='word_1_158' title='bbox 893 2683 1001 2787; x_wconf 83' lang='lat' dir='ltr'><em>fulva</em></span> <span class='ocrx_word' id='word_1_159' title='bbox 1023 2693 1138 2768; x_wconf 78' lang='lat' dir='ltr'><strong>omnis</strong></span> 
     </span>
     <span class='ocr_line' id='line_1_23' title="bbox 96 2796 1138 2899; baseline 0.001 -19"><span class='ocrx_word' id='word_1_160' title='bbox 96 2823 208 2880; x_wconf 86' lang='lat' dir='ltr'><strong>euro:</strong></span> <span class='ocrx_word' id='word_1_161' title='bbox 235 2813 383 2899; x_wconf 74' lang='lat' dir='ltr'><strong>propter</strong></span> <span class='ocrx_word' id='word_1_162' title='bbox 406 2796 524 2877; x_wconf 83' lang='lat' dir='ltr'><strong>eleiins</strong></span> <span class='ocrx_word' id='word_1_163' title='bbox 548 2810 666 2875; x_wconf 82' lang='lat' dir='ltr'><strong>nutent</strong></span> <span class='ocrx_word' id='word_1_164' title='bbox 697 2796 959 2877; x_wconf 75' lang='lat' dir='ltr'><em>breviabuntur</em></span> <span class='ocrx_word' id='word_1_165' title='bbox 978 2798 1051 2878; x_wconf 82' lang='lat' dir='ltr'><strong>dies</strong></span> <span class='ocrx_word' id='word_1_166' title='bbox 1072 2802 1138 2881; x_wconf 82' lang='lat' dir='ltr'><strong>iiii.</strong></span> 
     </span>
     <span class='ocr_line' id='line_1_24' title="bbox 90 2908 1147 3007; baseline 0.004 -17"><span class='ocrx_word' id='word_1_167' title='bbox 90 2912 219 3007; x_wconf 87' lang='lat' dir='ltr'><strong>Quod</strong></span> <span class='ocrx_word' id='word_1_168' title='bbox 248 2917 352 2991; x_wconf 86' lang='lat' dir='ltr'><strong>unice</strong></span> <span class='ocrx_word' id='word_1_169' title='bbox 373 2911 499 2989; x_wconf 82' lang='lat' dir='ltr'><strong>soietio</strong></span> <span class='ocrx_word' id='word_1_170' title='bbox 517 2928 605 2990; x_wconf 90' lang='lat' dir='ltr'><strong>tunc</strong></span> <span class='ocrx_word' id='word_1_171' title='bbox 624 2913 690 2990; x_wconf 83' lang='lat' dir='ltr'><strong>erit</strong></span> <span class='ocrx_word' id='word_1_172' title='bbox 710 2908 870 2989; x_wconf 84' lang='lat' dir='ltr'><strong>Ecciefiae</strong></span> <span class='ocrx_word' id='word_1_173' title='bbox 887 2908 1077 3001; x_wconf 83' lang='lat' dir='ltr'><strong>militanti,</strong></span> <span class='ocrx_word' id='word_1_174' title='bbox 1098 2937 1147 2993; x_wconf 79' lang='lat' dir='ltr'><strong>uo</strong></span> 
     </span>
     <span class='ocr_line' id='line_1_25' title="bbox 97 3020 1142 3122; baseline 0.001 -18"><span class='ocrx_word' id='word_1_175' title='bbox 97 3020 162 3105; x_wconf 83' lang='lat' dir='ltr'><strong>vix</strong></span> <span class='ocrx_word' id='word_1_176' title='bbox 182 3047 256 3101; x_wconf 88' lang='lat' dir='ltr'><strong>non</strong></span> <span class='ocrx_word' id='word_1_177' title='bbox 276 3023 338 3102; x_wconf 92' lang='lat' dir='ltr'><strong>sub</strong></span> <span class='ocrx_word' id='word_1_178' title='bbox 351 3025 448 3100; x_wconf 87' lang='lat' dir='ltr'><strong>maiis</strong></span> <span class='ocrx_word' id='word_1_179' title='bbox 465 3025 730 3102; x_wconf 83' lang='lat' dir='ltr'><strong>succumbenti:</strong></span> <span class='ocrx_word' id='word_1_180' title='bbox 750 3022 898 3122; x_wconf 83' lang='lat' dir='ltr'><strong>quando</strong></span> <span class='ocrx_word' id='word_1_181' title='bbox 919 3024 1075 3103; x_wconf 83' lang='lat' dir='ltr'><strong>mundus</strong></span> <span class='ocrx_word' id='word_1_182' title='bbox 1095 3024 1142 3105; x_wconf 77' lang='lat' dir='ltr'><strong>te</strong></span> 
     </span>
     <span class='ocr_line' id='line_1_26' title="bbox 98 3134 1144 3237; baseline -0.008 -21"><span class='ocrx_word' id='word_1_183' title='bbox 98 3135 204 3216; x_wconf 90' lang='lat' dir='ltr'><strong>hoste</strong></span> <span class='ocrx_word' id='word_1_184' title='bbox 219 3136 330 3214; x_wconf 86' lang='lat' dir='ltr'><strong>veluti</strong></span> <span class='ocrx_word' id='word_1_185' title='bbox 351 3136 550 3234; x_wconf 81' lang='lat' dir='ltr'>prostrato,</span> <span class='ocrx_word' id='word_1_186' title='bbox 576 3153 685 3236; x_wconf 84' lang='lat' dir='ltr'><strong>atque</strong></span> <span class='ocrx_word' id='word_1_187' title='bbox 707 3135 750 3212; x_wconf 81' lang='lat' dir='ltr'><strong>ud</strong></span> <span class='ocrx_word' id='word_1_188' title='bbox 773 3137 901 3213; x_wconf 80' lang='lat' dir='ltr'><strong>incitas</strong></span> <span class='ocrx_word' id='word_1_189' title='bbox 923 3134 1066 3237; x_wconf 67' lang='lat' dir='ltr'><strong>redudo</strong></span> <span class='ocrx_word' id='word_1_190' title='bbox 1082 3135 1144 3217; x_wconf 68' lang='lat' dir='ltr'><strong>lae.</strong></span> 
     </span>
     <span class='ocr_line' id='line_1_27' title="bbox 100 3245 1145 3352; baseline 0.001 -24"><span class='ocrx_word' id='word_1_191' title='bbox 100 3262 185 3336; x_wconf 80' lang='lat' dir='ltr'><strong>tus,</strong></span> <span class='ocrx_word' id='word_1_192' title='bbox 216 3264 253 3326; x_wconf 87' lang='lat' dir='ltr'><strong>et</strong></span> <span class='ocrx_word' id='word_1_193' title='bbox 271 3248 445 3325; x_wconf 83' lang='lat' dir='ltr'><strong>manubiis</strong></span> <span class='ocrx_word' id='word_1_194' title='bbox 461 3271 572 3326; x_wconf 85' lang='lat' dir='ltr'><strong>ovans</strong></span> <span class='ocrx_word' id='word_1_195' title='bbox 584 3264 690 3348; x_wconf 86' lang='lat' dir='ltr'><strong>utque</strong></span> <span class='ocrx_word' id='word_1_196' title='bbox 707 3245 926 3348; x_wconf 84' lang='lat' dir='ltr'><strong>tripudians,</strong></span> <span class='ocrx_word' id='word_1_197' title='bbox 942 3250 1145 3352; x_wconf 71' lang='lat' dir='ltr'><strong>civitasque</strong></span> 
     </span>
     <span class='ocr_line' id='line_1_28' title="bbox 99 3357 1146 3459; baseline 0.005 -21"><span class='ocrx_word' id='word_1_198' title='bbox 99 3377 243 3438; x_wconf 83' lang='lat' dir='ltr'><strong>terrena</strong></span> <span class='ocrx_word' id='word_1_199' title='bbox 267 3377 302 3438; x_wconf 89' lang='lat' dir='ltr'><strong>et</strong></span> <span class='ocrx_word' id='word_1_200' title='bbox 319 3383 473 3458; x_wconf 87' lang='lat' dir='ltr'><strong>regnum</strong></span> <span class='ocrx_word' id='word_1_201' title='bbox 501 3359 633 3436; x_wconf 83' lang='lat' dir='ltr'><strong>diaboli</strong></span> <span class='ocrx_word' id='word_1_202' title='bbox 664 3357 895 3459; x_wconf 79' lang='lat' dir='ltr'><strong>triumphaffe</strong></span> <span class='ocrx_word' id='word_1_203' title='bbox 920 3360 966 3439; x_wconf 88' lang='lat' dir='ltr'><strong>de</strong></span> <span class='ocrx_word' id='word_1_204' title='bbox 999 3365 1146 3443; x_wconf 85' lang='lat' dir='ltr'><strong>civitattt</strong></span> 
     </span>
     <span class='ocr_line' id='line_1_29' title="bbox 101 3467 1146 3571; baseline -0.011 -18"><span class='ocrx_word' id='word_1_205' title='bbox 101 3469 200 3560; x_wconf 87' lang='lat' dir='ltr'><strong>Dei,</strong></span> <span class='ocrx_word' id='word_1_206' title='bbox 218 3471 334 3571; x_wconf 87' lang='lat' dir='ltr'><strong>regno</strong></span> <span class='ocrx_word' id='word_1_207' title='bbox 351 3470 500 3559; x_wconf 84' lang='lat' dir='ltr'><strong>Christi,</strong></span> <span class='ocrx_word' id='word_1_208' title='bbox 521 3467 674 3549; x_wconf 75' lang='lat' dir='ltr'><strong>Ecclesia</strong></span> <span class='ocrx_word' id='word_1_209' title='bbox 688 3470 864 3550; x_wconf 78' lang='lat' dir='ltr'><strong>militante</strong></span> <span class='ocrx_word' id='word_1_210' title='bbox 885 3470 949 3552; x_wconf 84' lang='lat' dir='ltr'><strong>fibi</strong></span> <span class='ocrx_word' id='word_1_211' title='bbox 968 3475 1146 3551; x_wconf 88' lang='lat' dir='ltr'><strong>videbun.</strong></span> 
     </span>
     <span class='ocr_line' id='line_1_30' title="bbox 102 3579 1146 3684; baseline 0 -21"><span class='ocrx_word' id='word_1_212' title='bbox 102 3585 189 3671; x_wconf 88' lang='lat' dir='ltr'><strong>tut,</strong></span> <span class='ocrx_word' id='word_1_213' title='bbox 219 3579 306 3661; x_wconf 82' lang='lat' dir='ltr'><strong>dum</strong></span> <span class='ocrx_word' id='word_1_214' title='bbox 324 3586 367 3661; x_wconf 87' lang='lat' dir='ltr'><strong>ad</strong></span> <span class='ocrx_word' id='word_1_215' title='bbox 387 3587 573 3665; x_wconf 87' lang='lat' dir='ltr'><strong>interitum</strong></span> <span class='ocrx_word' id='word_1_216' title='bbox 595 3586 757 3684; x_wconf 84' lang='lat' dir='ltr'><strong>proximi</strong></span> <span class='ocrx_word' id='word_1_217' title='bbox 774 3586 907 3661; x_wconf 79' lang='lat' dir='ltr'><strong>erunt:</strong></span> <span class='ocrx_word' id='word_1_218' title='bbox 939 3606 1019 3660; x_wconf 88' lang='lat' dir='ltr'><strong>cum</strong></span> <span class='ocrx_word' id='word_1_219' title='bbox 1047 3588 1146 3663; x_wconf 81' lang='lat' dir='ltr'><strong>enine</strong></span> 
     </span>
     <span class='ocr_line' id='line_1_31' title="bbox 103 3690 1145 3798; baseline -0.001 -22"><span class='ocrx_word' id='word_1_220' title='bbox 103 3696 288 3784; x_wconf 82' lang='lat' dir='ltr'><strong>dixerint,</strong></span> <span class='ocrx_word' id='word_1_221' title='bbox 313 3711 389 3794; x_wconf 80' lang='lat' dir='ltr'><strong>peut</strong></span> <span class='ocrx_word' id='word_1_222' title='bbox 414 3708 448 3774; x_wconf 88' lang='lat' dir='ltr'><strong>et</strong></span> <span class='ocrx_word' id='word_1_223' title='bbox 462 3697 657 3793; x_wconf 77' lang='lat' dir='ltr'><strong>securitas.</strong></span> <span class='ocrx_word' id='word_1_224' title='bbox 688 3708 771 3772; x_wconf 86' lang='lat' dir='ltr'><strong>tune</strong></span> <span class='ocrx_word' id='word_1_225' title='bbox 791 3700 994 3793; x_wconf 78' lang='lat' dir='ltr'><strong>repentinus</strong></span> <span class='ocrx_word' id='word_1_226' title='bbox 1022 3701 1071 3775; x_wconf 87' lang='lat' dir='ltr'><strong>eis</strong></span> <span class='ocrx_word' id='word_1_227' title='bbox 1079 3690 1145 3798; x_wconf 83' lang='lat' dir='ltr'><strong>su-</strong></span> 
     </span>
     <span class='ocr_line' id='line_1_32' title="bbox 98 3802 1148 3913; baseline 0.005 -27"><span class='ocrx_word' id='word_1_228' title='bbox 98 3812 290 3913; x_wconf 75' lang='lat' dir='ltr'><strong>perveniet</strong></span> <span class='ocrx_word' id='word_1_229' title='bbox 308 3810 499 3902; x_wconf 85' lang='lat' dir='ltr'><strong>interitus‚</strong></span> <span class='ocrx_word' id='word_1_230' title='bbox 520 3806 611 3907; x_wconf 80' lang='lat' dir='ltr'><strong>fient</strong></span> <span class='ocrx_word' id='word_1_231' title='bbox 626 3802 725 3892; x_wconf 77' lang='lat' dir='ltr'><strong>eoin</strong></span> <span class='ocrx_word' id='word_1_232' title='bbox 743 3812 782 3888; x_wconf 84' lang='lat' dir='ltr'><strong>in</strong></span> <span class='ocrx_word' id='word_1_233' title='bbox 798 3821 900 3897; x_wconf 82' lang='lat' dir='ltr'><strong>utere</strong></span> <span class='ocrx_word' id='word_1_234' title='bbox 926 3805 1071 3890; x_wconf 78' lang='lat' dir='ltr'><strong>tabente</strong></span> <span class='ocrx_word' id='word_1_235' title='bbox 1080 3866 1092 3898; x_wconf 84' lang='lat'>‚</span> <span class='ocrx_word' id='word_1_236' title='bbox 1111 3822 1148 3891; x_wconf 79' lang='lat' dir='ltr'><strong>et</strong></span> 
     </span>
    </p>

    <p class='ocr_par' dir='ltr' id='par_1_4' title="bbox 149 3944 1095 4137">
     <span class='ocr_line' id='line_1_33' title="bbox 933 3944 1095 4005; baseline -0.025 0"><span class='ocrx_word' id='word_1_237' title='bbox 933 4000 936 4005; x_wconf 88' lang='lat'>.</span> <span class='ocrx_word' id='word_1_238' title='bbox 1020 3944 1095 4003; x_wconf 82' lang='lat' dir='ltr'><strong>nun</strong></span> 
     </span>
     <span class='ocr_line' id='line_1_34' title="bbox 149 4038 612 4137; baseline -0.002 -21"><span class='ocrx_word' id='word_1_239' title='bbox 149 4047 185 4132; x_wconf 66' lang='lat' dir='ltr'><strong>a)</strong></span> <span class='ocrx_word' id='word_1_240' title='bbox 208 4041 319 4116; x_wconf 73' lang='lat' dir='ltr'><strong>unu.</strong></span> <span class='ocrx_word' id='word_1_241' title='bbox 338 4038 454 4115; x_wconf 83' lang='lat' dir='ltr'><strong>xxu.</strong></span> <span class='ocrx_word' id='word_1_242' title='bbox 473 4064 522 4137; x_wconf 61' lang='grc' dir='ltr'><strong>ῃ.</strong></span> <span class='ocrx_word' id='word_1_243' title='bbox 609 4081 612 4087; x_wconf 91' lang='grc'>-</span> 
     </span>
    </p>
   </div>
   <div class='ocr_carea' id='block_1_4' title="bbox 0 0 1266 4958">
    <p class='ocr_par' dir='ltr' id='par_1_5' title="bbox 0 0 1266 4958">
     <span class='ocr_line' id='line_1_35' title="bbox 0 0 1266 4958; baseline 0 0"><span class='ocrx_word' id='word_1_244' title='bbox 0 0 1266 4958; x_wconf 95' lang='lat' dir='ltr'><strong> </strong></span> 
     </span>
    </p>
   </div>
  </div>
 </body>
</html>
