2506 4958
151 567 209 645 rr
290 584 296 592 -
499 511 654 654 'uorem
682 557 847 639 matrum
902 536 908 547 ’

151 784 176 826 ,
206 751 279 831 que
298 724 406 804 finem
430 726 577 826 vigebit.
636 723 778 803 Verum
803 732 926 825 aperte
946 720 1079 827 liquet,
1099 723 1203 824 quod

152 897 178 937 ,
206 845 275 918 iam
291 863 390 916 nunc
410 842 624 940 mysterium·
634 841 831 939 iniquitatis
854 854 1045 938 operatur,
1073 862 1203 939 quem-

152 952 406 1052 „admodum
436 953 526 1028 iufra
552 949 599 1027 V.
630 971 667 1043 7.
707 952 741 1028 S.
770 949 899 1028 Paulus
927 954 996 1027 ait:
1042 967 1078 1027 et
1113 950 1201 1027 hinc

155 1067 352 1167 „quidem
390 1063 547 1142 Romani
587 1065 733 1164 imperii
772 1061 1070 1149 decrementum,⁴
1119 1066 1206 1139 iude

152 1232 177 1277 „
206 1202 293 1255 vero
328 1190 385 1253 tot
406 1174 629 1276 populorum
661 1172 841 1264 dilceffio,
872 1178 935 1277 qui
954 1193 1058 1252 antea
1077 1177 1207 1250 catho-

153 1345 177 1389 ,‚
206 1289 283 1367 licae
312 1286 474 1367 Ecclefiae
515 1290 673 1364 membra
704 1301 831 1373 erant,
864 1305 959 1363 uorae
992 1288 1073 1365 sunt
1101 1311 1205 1385 aper-

153 1458 177 1497 „
207 1401 364 1489 rillrmae,
419 1400 520 1502 quod
551 1392 717 1478 terribilis
742 1399 800 1475 ille
823 1399 946 1477 iudicii
976 1400 1051 1477 dies
1086 1401 1204 1497 gradu

152 1571 177 1610 ,‚
209 1538 369 1616 propero
392 1514 570 1589 adventat.
631 1510 810 1589 Advenlat
836 1528 982 1600 autem,
1011 1514 1100 1613 quin
1128 1514 1208 1588 sen·-

152 1676 182 1734 ι
208 1632 337 1712 tiator,
366 1641 402 1702 et
425 1623 613 1703 certiffime
636 1624 726 1701 furis
747 1626 853 1725 inllar
874 1627 1021 1711 veniet,
1054 1628 1115 1701 ubi
1138 1625 1206 1699 mi·

153 1795 177 1840 „
207 1763 275 1817 nus
314 1736 583 1838 exsufflabitur.
642 1736 739 1841 Sicut
762 1730 835 1833 fur
868 1738 908 1811 in
933 1736 1030 1812 nolle
1063 1741 1116 1812 itu
1143 1759 1207 1811 oe-

154 1853 239 1929 niet.
255 1850 280 1929 l.
301 1848 420 1927 Thell.
441 1849 484 1927 V.
507 1865 543 1926 2.
561 1906 569 1925 .
585 1898 594 1925 .
609 1897 618 1926 ,
635 1898 644 1925 .
660 1895 683 1942 ‚,
700 1838 839 1925 Totalis
855 1844 1081 1948 populorum
1099 1847 1207 1926 aRo·

154 1960 178 2059 '„
205 1986 317 2041 mano
332 1965 486 2061 imperio
512 1960 688 2047 deferrio,
720 1954 1051 2060 improborumque
1072 1956 1208 2040 Christi

81 2075 85 2087 “
154 2130 178 2172 ,,
208 2074 366 2153 fidelium
379 2074 424 2152 ab
439 2070 588 2153 Ecclelia
606 2064 760 2159 seruilio,
780 2062 969 2150 essentialia
985 2071 1082 2172 signa
1101 2074 1205 2163 lunt,

156 2244 178 2285 „
204 2211 284 2290 quaa
301 2184 506 2265 Antichristi
522 2184 715 2262 adventum
734 2178 947 2285 pracederlr
976 2229 999 2278 ,5
1016 2175 1103 2264 Haec
1120 2186 1206 2265 Cal-

157 2318 300 2386 metus,
322 2319 430 2401 quern
447 2301 536 2375 meis
549 2296 667 2373 adhuc
681 2297 796 2375 oculis
809 2289 878 2373 ridi
896 2289 1102 2374 adolescens
1116 2356 1126 2384 ‚
1142 2323 1207 2373 ao-

158 2416 282 2492 teriori
305 2411 412 2489 huius
431 2407 536 2488 seculi
553 2409 686 2510 scripsit
713 2427 832 2511 parte,
865 2404 952 2510 quid
977 2399 1000 2485 ss
1021 2411 1208 2488 revivisce-

156 2546 211 2603 ret
238 2525 426 2624 posteriori
448 2523 514 2598 hac
532 2528 644 2621 magis
666 2527 853 2624 magisque
876 2523 1071 2620 irreligiosa
1097 2519 1206 2601 huius

158 2637 265 2714 seculi
302 2634 437 2733 parte?
482 2632 582 2733 quod
624 2634 711 2709 dum
745 2634 964 2709 luminosum
989 2634 1205 2724 diciamat,

112 2736 116 2744 ’
158 2753 273 2826 timeo
298 2747 344 2822 de
366 2742 498 2824 Christi
534 2745 701 2820 monito:
748 2744 831 2818 vide
869 2732 1083 2833 uolumen,
1116 2749 1211 2841 qrtod

156 2863 195 2936 in
214 2871 248 2936 te
275 2855 347 2950 est,
387 2848 534 2932 tenebra
545 2851 631 2946 fint.
688 2853 809 2932 Potest
839 2879 944 2941 vero,
981 2869 1021 2933 ut
1039 2858 1135 2934 haud
1155 2860 1173 2934 l
1194 2899 1209 2927 .-

158 2972 230 3049 mel
258 2970 414 3053 accidit.
444 2969 679 3045 obtenebrata
704 2959 773 3046 hac
799 2968 896 3046 orbis
924 2987 1050 3071 parte,
1081 2971 1144 3049 lux
1166 2972 1208 3047 fia

55 3114 59 3119 ·
159 3084 217 3162 dei
246 3082 463 3161 relucescere
490 3083 527 3158 in
552 3074 673 3159 altera.

465 3455 721 3542 Curua
778 3453 917 3571 ΧΙΙΙ.Ι

214 3703 221 3713 x
272 3625 463 3703 Meretrix
494 3610 764 3721 apocalyptica.
798 3622 910 3700 Romo
932 3608 1092 3720 gentilia

159 3730 255 3907 Sed
293 3787 448 3866 Romam
477 3776 692 3873 redeamus,
732 3785 888 3864 Romam
918 3803 1077 3863 veterem
1107 3774 1206 3864 illam

238 3901 510 3977 idololatricam.
569 3897 629 3975 Est
654 3899 729 3976 haec
765 3901 935 3975 meretrix·
967 3899 1024 3974 illa
1056 3923 1207 3995 magua,

144 4036 266 4119 'quam
299 4017 386 4089 vivis
420 4011 510 4088 adeo
530 4012 716 4089 coloribus
751 4000 942 4088 adumbrat
988 4010 1022 4086 S.
1053 4008 1208 4088 loannes

158 4135 195 4210 in
218 4126 274 4203 sua
305 4122 541 4226 Apocalypfi,
588 4127 622 4198 in
648 4123 720 4198 hoc
742 4123 956 4220 potillrmam
985 4139 1123 4221 partem
1144 4145 1210 4200 oc·

161 4256 300 4354 cupata.
363 4237 448 4313 Cum
476 4236 571 4314 enim
597 4256 640 4313 eu
668 4259 768 4326 vox,
805 4238 1004 4313 meretricis
1032 4238 1211 4310 nimirum

1080 4421 1155 4478 mil·
