2506 4958
250 216 402 317 regnn'm
420 212 552 310 obriti
566 218 607 295 in
623 216 747 295 terris.
766 238 795 296 o.
815 211 925 312 XX„
1017 222 1105 322 '¹4⁷

57 376 271 483 flgiti-Vt·
298 376 339 471 a)
361 376 483 459 offerta
512 378 657 480 prorsus
688 377 863 460 habemus
884 397 1103 483 argumenta

55 496 179 575 verbio
198 492 233 571 S.
250 490 397 575 Ioannis
416 495 573 571 omnino
590 490 881 592 conspirantibus
910 518 995 573 cuna
1020 520 1102 576 vet.

54 608 114 687 bia
150 604 284 687 Christi
316 603 363 683 de
397 604 711 683 consummatione
743 605 851 683 secuti
884 607 980 707 apud
1001 605 1103 688 Mat-

55 718 226 807 tbaeutn,
288 712 458 796 Marcum
489 730 527 793 et
554 712 702 794 Lucam.
778 713 971 819 Postquam
1001 725 1103 801 enim

56 830 226 913 Christus
245 826 329 907 suos
357 827 403 906 de
421 826 694 930 pseudochristis
714 841 752 906 et
773 827 1102 932 pseudoprophetis

56 935 345 1023 commonuisset
370 938 645 1019 noviiitnaorana
674 939 819 1019 iliorum
851 941 1103 1025 calamitosslii.

58 1077 211 1133 moram
227 1038 456 1155 tempor'am,
475 1052 600 1131 eadem
617 1052 776 1148 (additis
791 1050 880 1143 illis,
900 1077 980 1156 qnae
994 1055 1102 1138 suum

56 1167 106 1247 ad
129 1165 304 1245 iudicium
329 1164 526 1244 adventum
551 1157 737 1253 attinent)
779 1163 920 1255 habet,
958 1190 1039 1268 quae
1062 1167 1101 1248 S.

56 1280 220 1362 loannes
236 1289 388 1379 quartus
410 1276 624 1378 evangelista
649 1279 688 1353 ia
714 1275 928 1381 Apocalypii
943 1280 981 1357 in
999 1303 1103 1384 aper.

57 1393 165 1473 tione
180 1389 270 1469 sexti
283 1382 387 1490 figiili
405 1386 466 1467 hic
494 1411 516 1468 e
535 1391 687 1490 regione
702 1384 837 1490 polita:

122 1548 168 1632 lit
189 1546 271 1629 ann·
295 1570 376 1629 tum
401 1547 558 1650 apernis-
663 1545 796 1628 Statim
811 1560 929 1628 autem
940 1545 1014 1651 poll
1030 1552 1105 1633 tris

53 1654 116 1767 stt
134 1661 291 1763 tigillum
305 1661 499 1763 septimum
524 1670 560 1740 et
606 1655 823 1741 bulationem
859 1663 999 1742 dierum
1026 1667 1102 1745 illo·

63 1786 257 1855 ecceterrae
270 1785 385 1852 motus
408 1796 558 1874 magnus
608 1795 691 1853 rum
733 1774 795 1875 sol
835 1773 1078 1869 obscurabitur
1084 1795 1103 1872 ,·

54 1885 177 1991 fotius
193 1882 260 1979 etl,
279 1880 559 1988 etsalfollusesl
607 1897 641 1963 et
663 1883 749 1963 lano
765 1908 837 1964 non
866 1884 965 1964 dabit
983 1886 1104 1967 lumen

62 2004 171 2099 niger
189 2010 359 2097 tanquam
370 1998 492 2099 flaccus
508 2002 559 2075 ci·
597 1997 730 2095 suum,
760 1993 903 2090 etstellae
918 1998 1041 2077 cadent
1058 2000 1102 2081 lle

60 2100 212 2202 licinus,
232 2108 448 2190 etlanatota
455 2108 558 2211 falla
607 2106 710 2198 coelo,
753 2120 789 2186 et
817 2112 975 2189 virtutes
1000 2108 1101 2213 can.

61 2222 110 2320 est
125 2222 210 2316 ficut
230 2222 384 2321 sangnis.
424 2222 465 2301 n
481 2218 558 2311 ilel-
605 2242 690 2300 rum
705 2218 1027 2304 commonebantur.
1052 2222 1099 2302 lit

62 2336 105 2417 1ae
127 2334 203 2415 caeli
227 2335 426 2414 aeciderunt
451 2333 557 2433 inpar
604 2344 690 2411 tnnc
714 2330 856 2432 parebit
875 2331 1012 2432 tignum
1020 2334 1100 2436 filii

63 2461 224 2537 terram,
251 2446 436 2544 nauticus
453 2453 557 2524 emit-
605 2444 759 2525 hominis
779 2451 819 2525 in
842 2446 941 2538 toelo,
964 2462 997 2527 tt
1014 2463 1101 2529 tnnc

62 2565 114 2640 tit
140 2554 276 2661 graffln
312 2557 392 2655 [aas
421 2580 500 2638 tum
534 2582 556 2638 a
604 2557 774 2658 plangent
813 2582 929 2638 omnes
983 2561 1103 2642 tribus

62 2683 172 2753 vento
214 2693 343 2770 magno
381 2682 554 2750 movetur.
605 2681 729 2748 terrae:
758 2669 972 2748 etoidelaunt
986 2671 1102 2765 lilium

63 2784 111 2865 El
143 2780 266 2863 coelnm
304 2781 431 2883 receffit
464 2781 558 2881 ficut
606 2779 758 2859 hominis
771 2784 969 2860 venientem
981 2788 1020 2859 in
1033 2810 1102 2862 nu.

62 2894 158 2977 liber
192 2892 398 2986 involutus,
443 2897 558 2972 amnis
606 2890 707 2971 nitus
741 2891 818 2972 cali
850 2916 930 2970 cum
959 2898 1101 2974 virtuto

64 3019 230 3095 mantnt
265 3000 386 3104 insula
416 3006 458 3086 de
478 3005 557 3109 suit
606 3002 719 3084 multa
746 3017 781 3084 et
812 3000 998 3096 maiellate.
1056 3006 1102 3084 Et

63 3119 152 3202 locis
173 3129 273 3198 mota
283 3116 387 3220 sant.
606 3123 725 3196 mittet
746 3117 885 3216 angelos
910 3118 989 3214 suos
1022 3140 1103 3198 aum

605 3218 691 3310 tuta
707 3242 740 3309 et
753 3252 837 3310 vace
851 3254 983 3330 magna
1005 3234 1077 3311 &o

150 3388 290 3476 Omnia
309 3390 370 3471 hic
387 3389 491 3493 plana
513 3386 594 3471 iant
615 3405 652 3471 et
677 3408 820 3496 aperta,
861 3391 951 3470 nihil
975 3392 1130 3475 obsco·

63 3528 148 3587 ram
176 3522 241 3586 aut
267 3505 489 3584 abstrusum:
527 3504 679 3595 cenant,
726 3509 814 3587 dum
851 3508 896 3583 ad
919 3520 1029 3609 caput
1051 3508 1106 3587 rei

65 3628 244 3706 vetitum,
285 3617 450 3695 sublimes
482 3641 524 3695 ac
557 3617 752 3697 recondite
785 3621 960 3718 imagines
993 3632 1107 3697 meta-

65 3732 229 3834 phoricae
254 3730 491 3828 acalie'gotiae
519 3730 637 3830 iparsae
664 3755 729 3834 per
755 3728 1021 3843 Apocalypsin,
1052 3733 1107 3809 di.

63 3849 203 3924 vinitas
232 3856 353 3920 tamen
377 3840 422 3921 ad
455 3843 880 4038 utilitatle(m21egentium
909 3843 1111 4038 [cinisio-ac

111 4060 151 4141 ι)
169 4058 258 4136 laon
282 4056 342 4131 VL-
