2506 4958
189 280 345 363 regnem
376 251 508 348 Clerilli
535 259 575 335 in
602 258 714 337 terris
740 279 770 337 c.
800 251 926 340 XXV.
970 370 973 388 Ι
1031 278 1113 358 215

67 425 310 508 nihilominus
337 421 549 524 prosecutus
586 421 661 508 est,
720 434 842 501 morte
875 423 998 524 postea
1031 419 1113 502 luit.

66 540 186 624 Ledo
211 533 456 636 dignislimum
479 535 528 612 est
551 533 585 612 S.
608 533 859 634 chrysostomi
874 538 1013 633 vigoris
1035 535 1114 636 ple·

69 678 164 733 num
198 650 295 751 apud
326 646 606 725 Theodoretum
636 646 864 749 colloquium
899 650 936 724 in
952 651 1114 733 medium

66 766 209 871 prolata
237 763 344 840 etiam
369 757 566 850 Theodosii
591 759 693 859 lege,
738 782 811 860 qna
836 759 946 861 Cpoli
970 769 1113 865 quasvis

66 879 176 959 sedas
212 872 318 952 elide
350 871 529 950 catholica
562 870 691 948 alienas
713 869 977 963 exesse-lusit,
1026 900 1113 957 cum

67 1007 154 1071 ante
172 983 425 1066 Theodosium
443 1007 510 1062 nec
526 1006 635 1061 unam
656 982 829 1064 haberent
854 985 1036 1067 ecclefiam
1055 1013 1115 1069 ca·

67 1102 222 1186 tholici,
250 1121 359 1199 quarn
378 1111 509 1196 agente
532 1095 646 1195 Greg.
676 1095 921 1177 Nazianzeno
956 1102 1112 1183 reddens

70 1209 304 1295 Theodosius
328 1209 416 1291 binc
443 1206 653 1289 Anallasram
675 1211 712 1285 in
745 1211 991 1290 testimonium
1021 1216 1118 1295 resu-

67 1327 201 1416 scitata
226 1320 448 1400 orthodoxa
473 1319 555 1400 fidei
586 1324 709 1402 vocari
748 1319 842 1402 iuffit
878 1325 966 1405 telle
996 1325 1117 1409 Sozo-

67 1462 193 1519 meno.
215 1431 254 1524 u)

155 1597 223 1678 Per
251 1596 424 1682 maiorem
454 1593 600 1696 quidem
631 1593 735 1676 seculi
755 1594 803 1675 V.
831 1614 971 1702 partem
996 1603 1112 1707 impe·

69 1723 235 1798 ratores,
266 1705 466 1787 Theodosii
496 1709 651 1808 vestigiis
684 1707 906 1800 insistentes,
952 1717 1112 1818 religiosi

72 1824 224 1911 fuerunt
247 1837 284 1913 et
310 1819 541 1900 observantes
562 1844 646 1920 erga
672 1819 861 1900 Ecclesiam
882 1829 1031 1928 eiusque
1051 1832 1114 1910 de.

70 1954 196 2021 creta,
221 1958 300 2036 quae
321 1933 623 2034 promoventibus
644 1932 711 2010 illis
732 1951 859 2011 contra
877 1935 1023 2016 haereses
1038 1941 1114 2021 Ne·

68 2048 262 2130 slorianam
294 2059 331 2123 et
358 2043 617 2144 Eutychianum
648 2047 685 2120 in
714 2046 878 2124 conciliis
902 2044 1114 2132 oecumeni

69 2165 124 2238 cis
149 2157 327 2260 Ephelino
347 2171 385 2235 et
405 2155 692 2236 chalcedonensi
714 2176 949 2239 emanarunt:
979 2187 1113 2264 praeve.

71 2271 143 2352 luit
170 2289 281 2359 tunc.
312 2268 414 2373 quod
443 2272 591 2347 ineunte
620 2269 741 2348 seculo
764 2268 952 2351 Honorius
976 2275 1020 2353 ad
1047 2278 1115 2358 Ar.

73 2386 219 2471 caelium
252 2379 448 2482 rescripsit:
478 2382 517 2458 Si
545 2381 698 2480 quidde
727 2384 830 2481 causa
853 2383 1037 2480 religionis
1057 2395 1114 2467 in·

73 2508 134 2579 rer
159 2493 328 2591 antistius
362 2505 559 2591 ageretur,
606 2493 794 2593 episcopale
826 2503 1025 2595 oportuerit
1053 2503 1116 2604 effe

74 2610 273 2686 iudicium:
312 2605 360 2683 ud
386 2604 461 2683 illos
487 2609 580 2683 enim
608 2608 817 2684 diuinarum
845 2634 967 2687 rerum
1000 2619 1113 2696 inter.

73 2725 263 2822 prelatio,
293 2718 341 2794 eri
364 2741 425 2796 rros
446 2716 630 2819 religionis
640 2716 775 2816 spetiei
790 2718 999 2818 obsequium.

131 2882 179 2961 At
196 2906 283 2960 vero
314 2881 475 2982 inquies,
498 2879 753 2960 Graecorum
744 2884 933 2981 ingenium
963 2909 1004 2963 ac
1034 2888 1114 2989 phi·

74 2994 290 3097 losophandi
319 2995 471 3105 prurigo
498 3017 617 3070 novos
651 2991 894 3072 haerefiarchar
928 3000 1114 3097 protulit,

75 3110 139 3210 qui
166 3124 206 3185 ut
237 3106 420 3206 superiore
440 3106 560 3184 seculo
588 3105 796 3205 mysterium
816 3105 1043 3199 Trinitatis,
1067 3116 1115 3194 ita

73 3223 145 3298 iarn
171 3221 233 3296 sec.
251 3215 300 3295 V.
340 3221 462 3297 conati
484 3217 566 3296 sunt
585 3233 745 3296 evertere
765 3220 972 3352 mysterium
995 3223 1117 3303 lucar

73 3334 269 3419 nationis,
324 3329 411 3407 dunt
456 3327 579 3409 fauent
609 3332 739 3408 iterum
771 3329 877 3413 seculi
908 3337 1113 3438 principer,

73 3444 221 3543 suisque
247 3441 369 3519 edillis
406 3446 684 3547 patrocinantur
714 3446 920 3533 erroribus,
967 3462 1003 3526 et
1032 3474 1114 3550 quae

72 3556 238 3655 legitime
255 3558 291 3629 in
316 3554 437 3633 senatu
456 3554 697 3632 conciliorum
712 3555 757 3633 ab
774 3552 923 3634 Ecclesia
943 3561 1010 3635 iarn
1030 3563 1112 3642 sunt

72 3666 357 3765 irrefragibiliter
381 3692 422 3746 ac
448 3665 679 3744 infallibiliter
700 3668 915 3755 constituta,
947 3669 1115 3753 sufflami-

73 3795 190 3864 nant,
231 3777 373 3880 seseque
409 3779 596 3878 religionis
625 3783 786 3878 negotiis
816 3779 905 3859 ultra
936 3787 1054 3867 tutela
1077 3801 1115 3866 et

76 3894 271 3996 patrocinii
295 3893 450 3972 modum
480 3891 611 3992 (quod
628 3890 766 3994 semper
790 3895 882 3974 male
905 3896 1032 3987 cellit)
1061 3902 1116 3976 in.

530 4000 570 4085 O
599 4023 628 4098 4
899 4024 1058 4110 gerunt,

115 4107 236 4219 allio.
262 4105 330 4174 lll.
353 4127 381 4174 c.
406 4126 434 4185 ς.
