2506 4958
261 228 416 317 regnum
434 200 566 297 chrisi
579 204 622 285 in
637 205 755 284 tense
771 219 804 284 c.
823 200 983 287 XLVII.
1057 229 1141 308 207

91 368 297 450 absolvis?
343 364 497 464 Quidsi
526 382 566 448 tu
586 366 695 448 iilum
720 367 841 456 salian,
879 367 1016 472 iiieque
1038 371 1144 454 saliua

91 487 284 587 opinione
309 482 394 571 sun,
423 504 548 559 coram
574 479 700 558 divino
720 481 844 558 indice
864 504 945 561 tem
964 498 1145 565 aetetnune

91 595 257 699 petenti
303 593 361 672 An
390 609 432 671 tu
450 591 569 668 anistri
591 591 706 671 huius¹
726 596 863 670 amicus
886 617 951 684 ea,
984 619 1029 673 ac
1055 621 1143 676 eum

94 706 260 806 diligis?
290 707 345 784 tin
379 700 529 784 Ecclesa
564 703 764 804 culpanda,
807 728 889 805 que
927 709 1144 809 amagistro

98 821 243 899 amoris
281 817 317 896 S.
345 816 481 897 Ioanne
511 813 636 894 edosia
662 815 767 894 taiem
795 838 872 894 non
899 821 1049 918 recipit,'
1073 841 1146 902 uec

103 931 185 1012 Ave
203 926 267 1029 ipsi
293 928 402 1016 dicit,
441 925 565 1004 salsam
588 926 813 1006 securitatem
838 931 969 1007 erranti
994 929 1146 1012 demen-

101 1044 180 1128 do,
211 1065 253 1118 ac
272 1064 435 1118 mentem
458 1061 641 1138 arguens,
671 1039 939 1141 damnansque.
968 1057 1014 1121 ut
1031 1045 1076 1121 ab
1095 1070 1145 1126 eo

103 1154 287 1239 abducat.
314 1176 427 1253 quem
451 1165 493 1230 tu
517 1153 700 1229 incursum
723 1150 863 1238 reddin.
888 1167 931 1230 et
942 1154 1145 1236 aberrantia

105 1265 279 1345 obfirmas
300 1267 478 1341 ‘animum
535 1259 595 1341 list
615 1261 716 1353 hoc.
762 1263 866 1364 quud
887 1264 987 1364 proh
1013 1266 1144 1348 dolor!

106 1379 222 1458 hodie
248 1373 471 1453 miliionibue
497 1372 694 1453 hominum
720 1373 925 1475 periculum
954 1394 1073 1468 creat,
1102 1405 1147 1461 ac

107 1504 251 1570 tentum
269 1487 417 1589 quidm
433 1490 472 1564 in
489 1489 642 1586 negotio
665 1485 780 1566 salutis
794 1487 959 1574 aeternas
991 1491 1048 1569 An
1067 1516 1148 1574 non

107 1604 147 1680 in
177 1625 215 1678 re
239 1603 351 1687 tanti,
399 1622 441 1678 ac
471 1600 650 1698 quantivis
669 1601 852 1677 momenti
879 1603 992 1679 tutius
1022 1603 1147 1687 saltem

89 1729 147 1791 *et
169 1711 411 1813 sequendum,
442 1727 478 1788 et
502 1708 752 1787 suadendum?
781 1707 821 1790 O
840 1708 868 1786 si
890 1710 1028 1813 possem
1045 1740 1145 1816 ego,

108 1848 221 1927 quam
247 1823 375 1900 vellem
395 1843 524 1898 omnen
549 1819 718 1897 homines
743 1820 887 1909 salvos.
916 1836 954 1900 et
969 1837 1148 1906 aternum

107 1933 265 2014 beatos!
296 1933 366 2011 Sed
388 1932 477 2033 quid
507 1933 605 2009 iuvat
626 1929 714 2008 dare
736 1931 990 2022 securitatem.
1035 1960 1147 2037 quam

108 2048 274 2151 praestare
308 2067 385 2121 non
409 2039 586 2142 possum?
632 2041 694 2122 Sic
716 2043 807 2143 saepe
831 2043 1080 2146 interpellatus
1102 2051 1148 2127 ab

109 2162 257 2245 amicis,
286 2155 492 2236 constanter
510 2153 700 2258 respondi.
746 2179 792 2235 ne
821 2156 1016 2259 aiiquaodo
1045 2162 1150 2261 inge·

111 2271 260 2348 miscete
288 2271 501 2367 contingam
532 2268 650 2345 Annio·
672 2271 793 2348 omnia
809 2268 1051 2365 perdidimus.
1094 2273 1150 2352 di.

109 2396 218 2461 cente
245 2380 435 2460 Domino:
487 2401 592 2461 caecm
612 2374 648 2476 fi
667 2401 753 2458 caco
782 2381 947 2459 ducatum
969 2380 1149 2482 probeat.

110 2492 214 2572 ambo
226 2489 421 2592 insumam
432 2491 573 2568 cedunt.
636 2489 787 2586 Quaetat
805 2491 904 2571 sorte
919 2497 999 2596 quin
1019 2520 1152 2598 quenn-

110 2608 236 2708 piam‚
267 2629 312 2682 an
334 2620 434 2682 extra
454 2600 645 2680 Ecciefiam
671 2627 780 2682 unam
803 2603 1019 2683 catholicam
1045 2607 1153 2708 poffit

110 2716 183 2795 esse
204 2716 315 2804 salus,
343 2732 382 2792 et
398 2716 428 2790 is
445 2712 520 2791 hoc
544 2717 639 2792 aiat:
666 2715 759 2815 quid
784 2717 902 2805 iuvat,
937 2715 1028 2796 dum
1054 2718 1153 2798 steu-

112 2852 200 2907 tum
223 2827 372 2904 reddere
396 2847 475 2900 non
501 2823 618 2903 valeti
665 2824 768 2919 Quid
805 2826 953 2927 prodest
979 2829 1153 2910 sententia

109 2942 239 3027 amici,
260 2937 286 3014 fi
305 2939 372 3014 asia
386 2934 428 3013 fit
447 2933 541 3014 Deis
571 2936 745 3016 iudicium
761 2937 983 3028 humanum,
1011 2938 1155 3023 fiatad

111 3050 158 3129 snt
183 3049 375 3128 divinum?
405 3044 536 3144 Populi
559 3071 679 3138 meus,
719 3046 993 3145 quindenium
1010 3052 1154 3145 dicunt.

112 3159 180 3261 ipsi
202 3175 237 3260 te
267 3150 473 3259 decipiunt.
515 3169 550 3235 et
577 3163 679 3238 viam
697 3159 879 3260 greffuum
897 3173 1041 3241 tuorum
1065 3161 1156 3262 diffi-

108 3277 234 3374 pant!
283 3271 425 3368 Quodsi
463 3271 574 3348 hodie
608 3294 685 3350 non
714 3289 834 3352 tantus
866 3271 951 3353 esset
979 3299 1155 3357 numerus

114 3409 272 3475 eorum,
321 3388 385 3488 qui
410 3379 530 3460 falsam
561 3383 783 3462 securitatem
822 3382 885 3463 sebi
914 3385 1072 3477 saciunt,
1117 3399 1158 3470 et

115 3496 327 3585 mutassis,
357 3495 476 3574 forsan
496 3509 536 3573 et
554 3492 756 3575 infidelibus
787 3500 960 3598 paganis3
991 3522 1067 3578 non
1097 3499 1157 3579 fo·

117 3622 176 3686 ret
193 3622 313 3685 tantus
336 3631 509 3687 numerus
522 3625 662 3688 aterna
681 3607 799 3685 utatis
820 3608 889 3686 suae
906 3611 1156 3703 incuriorum.

118 3717 426 3809 indifferentium,
457 3717 670 3814 irrisorum.
700 3734 1075 3828 contemptorumque
1099 3746 1158 3804 te·

116 3828 288 3934 ligiouis.
304 3826 368 3910 sibi
394 3829 628 3913 suffenotum.

942 3967 1101 4055 studiosi
1212 3917 1217 4028 Ξ
