2512 4620
430 168 829 257 PRAEFATIO.

55 314 57 319 ⁵
111 327 214 423 stola
231 324 436 445 promittit
452 324 635 431 Christus
650 326 824 414 vincenti
835 352 976 415 ntannn
992 328 1144 442 abscon.

107 444 236 532 ditum
256 461 295 527 et
322 442 505 527 calculum
526 436 752 565 candidum,
796 458 833 567 ee
853 443 895 527 in
912 446 1052 529 calculo
1077 475 1144 532 no·

109 582 197 643 men
216 578 394 650 nevum,
419 544 757 682 qnodnnnmouscn,
784 550 876 657 mſs,
902 558 971 749 gui
992 558 1142 692 (ncipitt

107 660 638 971 ἷῗῖῐῗέἓέἕῖἴὲᾝξῗῧέῗ.
654 690 701 860 ii.
718 665 1143 887 {dundee

107 908 236 977 monte
243 886 327 996 stne
346 890 449 971 mani
472 907 540 977 ns?
565 905 604 971 et
611 887 782 999 percnffit
795 884 961 992 statuam
981 890 1023 973 in
1034 892 1142 1004 pedi-

105 1001 177 1089 bus
196 1003 281 1087 eim
302 996 443 1114 feretis
464 1015 500 1083 et
512 991 718 1097 fictilibus,
759 1017 799 1081 et
819 1001 1034 1087 conminuit
1052 1029 1140 1097 ens:

106 1137 304 1231 quartum
333 1112 526 1197 nimirum
552 1134 728 1223 regnum
760 1106 896 1199 coloffi
922 1109 1029 1199 illius
1053 1116 1140 1203 Na·

104 1220 477 1318 buchodonosoris‚
505 1243 597 1335 quae
616 1222 673 1306 est
690 1223 920 1309 monarchia
942 1224 1138 1319 Romana:

104 1338 234 1454 lapis
247 1348 391 1432 antem,
419 1334 487 1447 qni
502 1331 726 1445 percnfferat
733 1330 923 1438 statuam,
939 1331 1142 1448 fnetnsess

104 1475 215 1539 mons
238 1472 426 1555 magnus,
463 1462 502 1527 et
527 1446 699 1557 implevit
727 1443 942 1555 nniversam
968 1466 1140 1544 tetrum:

105 1561 164 1649 lb.
182 1586 250 1674 35.
277 1558 347 1644 Est
364 1554 432 1643 hic
452 1579 591 1652 mons,
620 1578 669 1641 ut
713 1580 758 1641 er
778 1555 991 1644 decursum
1014 1559 1138 1650 huius

102 1674 242 1805 operis
256 1580 816 1784 patebitAEcclefiuntidtanS,
829 1696 1005 1784 regnum
1015 1672 1138 1758 Chri-

102 1787 150 1873 stt
167 1786 213 1871 in
226 1778 361 1869 tern's:
374 1776 521 1894 dequo
533 1779 646 1894 epist.
661 1777 730 1868 tv.
741 1779 823 1891 Qni
835 1784 995 1879 vicerit,
1009 1802 1048 1866 et
1068 1811 1138 1870 cn-

96 1892 270 2004 ssodierit
282 1918 400 2005 neque
412 1891 453 1975 in
454 1888 574 1991 finem
591 1910 701 2003 opera
721 1915 824 1989 mea,
851 1892 945 1977 dubo
963 1895 1020 1976 illi
1031 1914 1139 2007 pote.

100 2004 271 2116 testatem
279 2000 397 2116 snper
411 2021 569 2112 gentes,
595 2020 636 2085 et
654 2020 761 2111 reget
777 2028 839 2085 eos
860 2004 902 2087 in
919 2003 1037 2113 virga
1043 2002 1139 2120 fer.

101 2144 195 2217 ren,
221 2132 262 2202 et
288 2131 469 2228 nunqnam
497 2140 573 2199 uas
587 2110 708 2223 figuli
733 2110 1034 2228 confringentur.
1084 2116 1138 2205 ld

133 2226 221 2319 uod
242 2228 397 2341 experti
417 2225 508 2311 sunt
532 2250 674 2310 ornnes
697 2223 794 2310 inde
813 2226 866 2312 ub
888 2228 1046 2340 origine
1061 2226 1137 2315 Ec-

101 2258 230 2432 defiae
247 2338 402 2434 hostes,
420 2335 574 2422 infidias
588 2335 638 2422 ad
653 2338 821 2423 exitium
836 2340 1032 2426 struentes
1050 2345 1137 2453 pri-

102 2480 222 2544 mum
241 2446 362 2538 ludaei
373 2506 387 2547 ‚
415 2475 459 2533 ac
478 2446 679 2536 machinas
695 2448 782 2535 suas
801 2453 967 2537 interius
986 2463 1026 2537 in
1042 2454 1134 2566 ipfis

102 2563 322 2654 visceribus
357 2558 590 2647 adhibentes
627 2559 839 2659 heretici,
882 2567 1057 2649 exterius
1090 2568 1154 2657 in.

101 2676 254 2766 viscera
276 2671 487 2788 grassantes
507 2670 702 2785 gentiles,
738 2696 779 2757 et
805 2675 1041 2790 quicunque
1069 2674 1135 2760 alii

101 2787 287 2880 Ecclefiae
339 2794 603 2881 ersecutores‚
633 2782 822 2869 incassum
844 2788 1003 2874 omnia:
1033 2786 1136 2876 dum

100 2929 202 2992 mox
219 2813 345 2986 excide
365 2896 467 2983 urbe
484 2893 765 3009 Hierosolyma
780 2893 901 2982 Iudaei
920 2908 960 2980 in
981 2897 1136 3009 disper·

81 3017 258 3102 sionem
282 3032 405 3107 eunt,
433 3006 576 3094 frustra
593 3006 643 3093 nd
658 3006 902 3094 hodiernum
929 3032 1059 3123 usque
1074 3009 1136 3093 di.

101 3155 168 3213 em
198 3122 524 3211 restaurationem
555 3146 694 3209 rerum
755 3118 1018 3208 raestoluntes:
1062 3119 1136 3208 de·

103 3237 273 3327 struitur
307 3232 452 3319 deinde
488 3258 666 3344 regnum
705 3146 1001 3317 idololatricum
1038 3258 1138 3320 cunt

104 3349 279 3462 imperio
304 3345 483 3431 Romano
514 3340 675 3455 gentili:
719 3342 951 3456 dispereunt
973 3343 1135 3431 Christo

104 3461 264 3547 inimica
288 3483 362 3570 per
389 3454 530 3541 orbem
561 3457 747 3552 nomina,
788 3481 960 3566 percunt
980 3458 1134 3568 tyranni

102 3570 287 3662 Ecclefiae
305 3567 458 3656 hostes:
488 3566 671 3680 dumque
698 3565 916 3651 identidem
939 3572 1136 3653 contami-

102 3710 193 3772 natn
216 3678 430 3767 haerefibus
452 3674 720 3765 florentiffimn
746 3679 903 3765 ecclesia
922 3679 1135 3765 Orientalis

101 3796 269 3884 schisma
296 3786 414 3888 facit,
441 3795 557 3902 perit.
613 3787 773 3876 Accidit
793 3794 928 3887 enim,
949 3816 996 3874 ut
1026 3791 1136 3875 chri-

102 3908 237 3998 stianis
258 3908 364 3992 inter
386 3902 426 3989 se
447 3899 758 4017 digladiantibus
778 3902 830 3990 de
856 3900 1136 4103 pmipldis'fi‘
1171 3910 1174 3917 '

1043 4042 1080 4103 et
