<?xml version="1.0" encoding="UTF-8"?>
<!DOCTYPE html PUBLIC "-//W3C//DTD XHTML 1.0 Transitional//EN"
    "http://www.w3.org/TR/xhtml1/DTD/xhtml1-transitional.dtd">
<html xmlns="http://www.w3.org/1999/xhtml" xml:lang="en" lang="en">
 <head>
  <title>
</title>
<meta http-equiv="Content-Type" content="text/html;charset=utf-8" />
  <meta name='ocr-system' content='tesseract 3.04.00' />
  <meta name='ocr-capabilities' content='ocr_page ocr_carea ocr_par ocr_line ocrx_word'/>
</head>
<body>
  <div class='ocr_page' id='page_1' title='image "./ecclesiamilitan01gerbgoog_0306.png"; bbox 0 0 2506 4958; ppageno 0'>
   <div class='ocr_carea' id='block_1_1' title="bbox 224 198 1244 302">
    <p class='ocr_par' dir='ltr' id='par_1_1' title="bbox 224 198 1244 302">
     <span class='ocr_line' id='line_1_1' title="bbox 224 198 1244 302; baseline 0.007 -20"><span class='ocrx_word' id='word_1_1' title='bbox 224 224 374 302; x_wconf 79' lang='lat' dir='ltr'><strong>regnum</strong></span> <span class='ocrx_word' id='word_1_2' title='bbox 398 198 526 292; x_wconf 79' lang='lat' dir='ltr'><strong>Chrisii</strong></span> <span class='ocrx_word' id='word_1_3' title='bbox 556 204 596 282; x_wconf 87' lang='lat' dir='ltr'><strong>in</strong></span> <span class='ocrx_word' id='word_1_4' title='bbox 621 205 740 286; x_wconf 83' lang='lat' dir='ltr'><strong>terris.</strong></span> <span class='ocrx_word' id='word_1_5' title='bbox 759 201 790 284; x_wconf 84' lang='lat' dir='ltr'><strong>&#39;c</strong></span> <span class='ocrx_word' id='word_1_6' title='bbox 809 199 956 291; x_wconf 73' lang='lat' dir='ltr'><em>XXXI,</em></span> <span class='ocrx_word' id='word_1_7' title='bbox 1014 217 1093 295; x_wconf 73' lang='grc' dir='ltr'><strong>ιιι</strong></span> <span class='ocrx_word' id='word_1_8' title='bbox 1241 206 1244 211; x_wconf 83' lang='grc'><strong>’</strong></span> 
     </span>
    </p>
   </div>
   <div class='ocr_carea' id='block_1_2' title="bbox 60 362 1249 1462">
    <p class='ocr_par' dir='ltr' id='par_1_2' title="bbox 60 362 1249 1453">
     <span class='ocr_line' id='line_1_2' title="bbox 60 362 1095 469; baseline 0.003 -26"><span class='ocrx_word' id='word_1_9' title='bbox 60 363 164 454; x_wconf 84' lang='lat' dir='ltr'><strong>Idem</strong></span> <span class='ocrx_word' id='word_1_10' title='bbox 196 364 420 451; x_wconf 71' lang='lat' dir='ltr'><strong>sauciiffimus</strong></span> <span class='ocrx_word' id='word_1_11' title='bbox 449 365 616 469; x_wconf 78' lang='lat' dir='ltr'><strong>pontisx</strong></span> <span class='ocrx_word' id='word_1_12' title='bbox 642 362 884 447; x_wconf 82' lang='lat' dir='ltr'><strong>ficubiadbuc</strong></span> <span class='ocrx_word' id='word_1_13' title='bbox 911 365 1095 450; x_wconf 84' lang='lat' dir='ltr'><strong>alibiido·</strong></span> 
     </span>
     <span class='ocr_line' id='line_1_3' title="bbox 62 476 1249 588; baseline -0.004 -27"><span class='ocrx_word' id='word_1_14' title='bbox 62 479 186 561; x_wconf 88' lang='lat' dir='ltr'><strong>lorum</strong></span> <span class='ocrx_word' id='word_1_15' title='bbox 206 479 321 561; x_wconf 77' lang='lat' dir='ltr'><strong>cultus</strong></span> <span class='ocrx_word' id='word_1_16' title='bbox 341 478 545 563; x_wconf 83' lang='lat' dir='ltr'><strong>obtineret.</strong></span> <span class='ocrx_word' id='word_1_17' title='bbox 580 476 623 553; x_wconf 88' lang='lat' dir='ltr'><strong>ad</strong></span> <span class='ocrx_word' id='word_1_18' title='bbox 647 500 730 556; x_wconf 88' lang='lat' dir='ltr'><strong>eum</strong></span> <span class='ocrx_word' id='word_1_19' title='bbox 752 482 892 576; x_wconf 84' lang='lat' dir='ltr'><strong>penitus</strong></span> <span class='ocrx_word' id='word_1_20' title='bbox 911 484 1093 588; x_wconf 85' lang='lat' dir='ltr'><strong>extripan·</strong></span> <span class='ocrx_word' id='word_1_21' title='bbox 1244 483 1249 495; x_wconf 82' lang='grc'>’</span> 
     </span>
     <span class='ocr_line' id='line_1_4' title="bbox 63 587 1092 675; baseline 0.002 -8"><span class='ocrx_word' id='word_1_22' title='bbox 63 592 154 675; x_wconf 81' lang='lat' dir='ltr'><strong>dum</strong></span> <span class='ocrx_word' id='word_1_23' title='bbox 168 605 245 667; x_wconf 86' lang='lat' dir='ltr'><strong>tota</strong></span> <span class='ocrx_word' id='word_1_24' title='bbox 264 590 501 666; x_wconf 79' lang='lat' dir='ltr'><strong>contentione</strong></span> <span class='ocrx_word' id='word_1_25' title='bbox 512 589 691 668; x_wconf 90' lang='lat' dir='ltr'><strong>rucuburt</strong></span> <span class='ocrx_word' id='word_1_26' title='bbox 729 587 781 666; x_wconf 83' lang='lat' dir='ltr'><strong>Ex</strong></span> <span class='ocrx_word' id='word_1_27' title='bbox 802 593 986 669; x_wconf 81' lang='lat' dir='ltr'><strong>eodemS.</strong></span> <span class='ocrx_word' id='word_1_28' title='bbox 998 592 1092 669; x_wconf 86' lang='lat' dir='ltr'><strong>Gre-</strong></span> 
     </span>
     <span class='ocr_line' id='line_1_5' title="bbox 63 700 1097 803; baseline 0.007 -27"><span class='ocrx_word' id='word_1_29' title='bbox 63 701 254 803; x_wconf 89' lang='lat' dir='ltr'><strong>goriolib</strong></span> <span class='ocrx_word' id='word_1_30' title='bbox 275 702 319 785; x_wconf 88' lang='grc' dir='ltr'><strong>ΙΙ.</strong></span> <span class='ocrx_word' id='word_1_31' title='bbox 338 700 460 777; x_wconf 88' lang='lat' dir='ltr'><strong>diasc</strong></span> <span class='ocrx_word' id='word_1_32' title='bbox 440 711 530 794; x_wconf 83' lang='lat' dir='ltr'><strong>c..8</strong></span> <span class='ocrx_word' id='word_1_33' title='bbox 559 701 714 785; x_wconf 82' lang='lat' dir='ltr'><strong>constat,</strong></span> <span class='ocrx_word' id='word_1_34' title='bbox 746 700 1097 783; x_wconf 62' lang='lat' dir='ltr'><strong>&amp;Benedisiumin</strong></span> 
     </span>
     <span class='ocr_line' id='line_1_6' title="bbox 63 812 1093 908; baseline 0.002 -16"><span class='ocrx_word' id='word_1_35' title='bbox 63 812 248 896; x_wconf 73' lang='lat' dir='ltr'><strong>Carinum</strong></span> <span class='ocrx_word' id='word_1_36' title='bbox 277 814 578 908; x_wconf 78' lang='lat' dir='ltr'><strong>commigrantem</strong></span> <span class='ocrx_word' id='word_1_37' title='bbox 615 812 835 894; x_wconf 80' lang='lat' dir='ltr'>adolescente</span> <span class='ocrx_word' id='word_1_38' title='bbox 863 816 982 893; x_wconf 78' lang='lat' dir='ltr'><strong>secuso</strong></span> <span class='ocrx_word' id='word_1_39' title='bbox 1015 815 1093 895; x_wconf 90' lang='lat' dir='ltr'><strong>hoc</strong></span> 
     </span>
     <span class='ocr_line' id='line_1_7' title="bbox 62 920 1091 1033; baseline 0 -32"><span class='ocrx_word' id='word_1_40' title='bbox 62 925 166 1009; x_wconf 88' lang='lat' dir='ltr'><strong>sexto</strong></span> <span class='ocrx_word' id='word_1_41' title='bbox 186 920 352 1009; x_wconf 78' lang='lat' dir='ltr'><strong>invenisse</strong></span> <span class='ocrx_word' id='word_1_42' title='bbox 372 926 421 1005; x_wconf 90' lang='lat' dir='ltr'><strong>ibi</strong></span> <span class='ocrx_word' id='word_1_43' title='bbox 447 979 468 1019; x_wconf 84' lang='grc'><strong>,,</strong></span> <span class='ocrx_word' id='word_1_44' title='bbox 486 923 644 1008; x_wconf 87' lang='lat' dir='ltr'><strong>idolum,</strong></span> <span class='ocrx_word' id='word_1_45' title='bbox 665 926 764 1033; x_wconf 86' lang='lat' dir='ltr'><strong>quod</strong></span> <span class='ocrx_word' id='word_1_46' title='bbox 783 930 974 1011; x_wconf 78' lang='lat' dir='ltr'>contrivit,</span> <span class='ocrx_word' id='word_1_47' title='bbox 1006 927 1091 1002; x_wconf 88' lang='lat' dir='ltr'><strong>sub·</strong></span> 
     </span>
     <span class='ocr_line' id='line_1_8' title="bbox 61 1034 1093 1138; baseline -0.007 -27"><span class='ocrx_word' id='word_1_48' title='bbox 61 1090 85 1138; x_wconf 79' lang='grc'><strong>,,</strong></span> <span class='ocrx_word' id='word_1_49' title='bbox 116 1041 359 1123; x_wconf 80' lang='lat' dir='ltr'><strong>vertitatem,</strong></span> <span class='ocrx_word' id='word_1_50' title='bbox 389 1034 568 1122; x_wconf 69' lang='lat' dir='ltr'><strong>succendit</strong></span> <span class='ocrx_word' id='word_1_51' title='bbox 587 1034 706 1123; x_wconf 79' lang='lat' dir='ltr'><strong>lucus¹</strong></span> <span class='ocrx_word' id='word_1_52' title='bbox 728 1052 834 1135; x_wconf 88' lang='lat' dir='ltr'><strong>atque</strong></span> <span class='ocrx_word' id='word_1_53' title='bbox 851 1039 885 1112; x_wconf 92' lang='lat' dir='ltr'><strong>in</strong></span> <span class='ocrx_word' id='word_1_54' title='bbox 903 1038 977 1134; x_wconf 85' lang='lat' dir='ltr'><strong>ipso</strong></span> <span class='ocrx_word' id='word_1_55' title='bbox 994 1051 1093 1118; x_wconf 87' lang='lat' dir='ltr'><strong>tem..</strong></span> 
     </span>
     <span class='ocr_line' id='line_1_9' title="bbox 62 1145 1088 1248; baseline 0.002 -26.115"><span class='ocrx_word' id='word_1_56' title='bbox 62 1147 181 1247; x_wconf 82' lang='lat' dir='ltr'><strong>„plo</strong></span> <span class='ocrx_word' id='word_1_57' title='bbox 207 1147 383 1248; x_wconf 76' lang='lat' dir='ltr'>Apollinis</span> <span class='ocrx_word' id='word_1_58' title='bbox 412 1145 598 1227; x_wconf 85' lang='lat' dir='ltr'><strong>oraculum</strong></span> <span class='ocrx_word' id='word_1_59' title='bbox 633 1148 724 1229; x_wconf 85' lang='lat' dir='ltr'><strong>beati</strong></span> <span class='ocrx_word' id='word_1_60' title='bbox 745 1146 911 1234; x_wconf 77' lang='lat' dir='ltr'><strong>Martini,</strong></span> <span class='ocrx_word' id='word_1_61' title='bbox 947 1151 1006 1224; x_wconf 91' lang='lat' dir='ltr'><strong>ubi</strong></span> <span class='ocrx_word' id='word_1_62' title='bbox 1028 1172 1088 1225; x_wconf 89' lang='lat' dir='ltr'><strong>ve·</strong></span> 
     </span>
     <span class='ocr_line' id='line_1_10' title="bbox 63 1256 1086 1359; baseline 0.002 -23.111"><span class='ocrx_word' id='word_1_63' title='bbox 63 1283 161 1351; x_wconf 85' lang='lat' dir='ltr'><strong>„ro</strong></span> <span class='ocrx_word' id='word_1_64' title='bbox 182 1283 240 1342; x_wconf 87' lang='lat' dir='ltr'><strong>ara</strong></span> <span class='ocrx_word' id='word_1_65' title='bbox 275 1256 430 1341; x_wconf 89' lang='lat' dir='ltr'><strong>eiusdem</strong></span> <span class='ocrx_word' id='word_1_66' title='bbox 452 1257 628 1359; x_wconf 83' lang='lat' dir='ltr'>Apollinis</span> <span class='ocrx_word' id='word_1_67' title='bbox 647 1258 745 1344; x_wconf 87' lang='lat' dir='ltr'><strong>suit,</strong></span> <span class='ocrx_word' id='word_1_68' title='bbox 776 1261 960 1340; x_wconf 84' lang='lat' dir='ltr'><strong>oraculum</strong></span> <span class='ocrx_word' id='word_1_69' title='bbox 984 1260 1086 1341; x_wconf 76' lang='lat' dir='ltr'><strong>saniii</strong></span> 
     </span>
     <span class='ocr_line' id='line_1_11' title="bbox 60 1314 1087 1462; baseline 0 -16"><span class='ocrx_word' id='word_1_70' title='bbox 60 1314 259 1462; x_wconf 57' lang='lat' dir='ltr'><strong>:loannis</strong></span> <span class='ocrx_word' id='word_1_71' title='bbox 276 1369 503 1453; x_wconf 79' lang='lat' dir='ltr'><strong>construxit.</strong></span> <span class='ocrx_word' id='word_1_72' title='bbox 552 1385 588 1445; x_wconf 92' lang='lat' dir='ltr'><strong>et</strong></span> <span class='ocrx_word' id='word_1_73' title='bbox 613 1389 901 1451; x_wconf 84' lang='lat' dir='ltr'><strong>commorantem</strong></span> <span class='ocrx_word' id='word_1_74' title='bbox 933 1375 1087 1452; x_wconf 80' lang='lat' dir='ltr'><strong>circuni·</strong></span> 
     </span>
    </p>
   </div>
   <div class='ocr_carea' id='block_1_3' title="bbox 60 1476 1240 1581">
    <p class='ocr_par' dir='ltr' id='par_1_3' title="bbox 60 1476 1240 1581">
     <span class='ocr_line' id='line_1_12' title="bbox 60 1476 1240 1581; baseline 0 -23"><span class='ocrx_word' id='word_1_75' title='bbox 60 1504 255 1581; x_wconf 88' lang='lat' dir='ltr'><strong>„quaque</strong></span> <span class='ocrx_word' id='word_1_76' title='bbox 275 1480 543 1564; x_wconf 84' lang='lat' dir='ltr'><strong>multitudinem</strong></span> <span class='ocrx_word' id='word_1_77' title='bbox 571 1480 820 1580; x_wconf 67' lang='lat' dir='ltr'><strong>predicatione</strong></span> <span class='ocrx_word' id='word_1_78' title='bbox 840 1488 1016 1560; x_wconf 78' lang='lat' dir='ltr'><strong>continua</strong></span> <span class='ocrx_word' id='word_1_79' title='bbox 1041 1483 1086 1558; x_wconf 92' lang='lat' dir='ltr'><strong>ad</strong></span> <span class='ocrx_word' id='word_1_80' title='bbox 1235 1476 1240 1483; x_wconf 84' lang='grc'>’</span> 
     </span>
    </p>
   </div>
   <div class='ocr_carea' id='block_1_4' title="bbox 10 1589 1178 3919">
    <p class='ocr_par' dir='ltr' id='par_1_4' title="bbox 10 1589 1178 3919">
     <span class='ocr_line' id='line_1_13' title="bbox 59 1589 1131 1702; baseline 0.004 -37"><span class='ocrx_word' id='word_1_81' title='bbox 59 1647 85 1683; x_wconf 88' lang='lat'><strong>‚‚</strong></span> <span class='ocrx_word' id='word_1_82' title='bbox 115 1591 221 1674; x_wconf 84' lang='lat' dir='ltr'><strong>sidem</strong></span> <span class='ocrx_word' id='word_1_83' title='bbox 242 1595 444 1683; x_wconf 70' lang='lat' dir='ltr'><strong>vocaban„</strong></span> <span class='ocrx_word' id='word_1_84' title='bbox 501 1589 643 1678; x_wconf 82' lang='lat' dir='ltr'><strong>Promis</strong></span> <span class='ocrx_word' id='word_1_85' title='bbox 638 1615 704 1675; x_wconf 86' lang='lat' dir='ltr'><strong>cue</strong></span> <span class='ocrx_word' id='word_1_86' title='bbox 726 1611 816 1671; x_wconf 89' lang='lat' dir='ltr'><strong>tunc</strong></span> <span class='ocrx_word' id='word_1_87' title='bbox 842 1593 958 1677; x_wconf 87' lang='lat' dir='ltr'><strong>adhuc</strong></span> <span class='ocrx_word' id='word_1_88' title='bbox 984 1594 1088 1669; x_wconf 81' lang='lat' dir='ltr'><strong>vixis·</strong></span> <span class='ocrx_word' id='word_1_89' title='bbox 1127 1691 1131 1702; x_wconf 24' lang='grc' dir='ltr'>ι</span> 
     </span>
     <span class='ocr_line' id='line_1_14' title="bbox 57 1702 1088 1800; baseline 0.004 -20"><span class='ocrx_word' id='word_1_90' title='bbox 57 1704 114 1788; x_wconf 86' lang='lat' dir='ltr'><strong>se,</strong></span> <span class='ocrx_word' id='word_1_91' title='bbox 137 1702 474 1788; x_wconf 64' lang='lat' dir='ltr'><strong>intermittimus,</strong></span> <span class='ocrx_word' id='word_1_92' title='bbox 505 1726 685 1800; x_wconf 82' lang='lat' dir='ltr'><strong>paganos,</strong></span> <span class='ocrx_word' id='word_1_93' title='bbox 704 1729 762 1785; x_wconf 85' lang='lat' dir='ltr'><strong>-ex</strong></span> <span class='ocrx_word' id='word_1_94' title='bbox 780 1705 957 1783; x_wconf 79' lang='lat' dir='ltr'><strong>iustiniani</strong></span> <span class='ocrx_word' id='word_1_95' title='bbox 978 1704 1000 1785; x_wconf 86' lang='grc' dir='ltr'><strong>Ι.</strong></span> <span class='ocrx_word' id='word_1_96' title='bbox 1025 1718 1088 1796; x_wconf 82' lang='lat'><strong>56.</strong></span> 
     </span>
     <span class='ocr_line' id='line_1_15' title="bbox 63 1811 1087 1916; baseline 0.001 -25"><span class='ocrx_word' id='word_1_97' title='bbox 63 1811 109 1899; x_wconf 81' lang='lat' dir='ltr'><strong>C.</strong></span> <span class='ocrx_word' id='word_1_98' title='bbox 131 1813 174 1897; x_wconf 86' lang='lat' dir='ltr'><strong>dc</strong></span> <span class='ocrx_word' id='word_1_99' title='bbox 186 1813 290 1914; x_wconf 84' lang='lat' dir='ltr'><strong>episc.</strong></span> <span class='ocrx_word' id='word_1_100' title='bbox 306 1838 364 1891; x_wconf 92' lang='lat' dir='ltr'><strong>an.</strong></span> <span class='ocrx_word' id='word_1_101' title='bbox 389 1833 477 1905; x_wconf 70' lang='grc' dir='ltr'>ιιι.</span> <span class='ocrx_word' id='word_1_102' title='bbox 499 1815 578 1889; x_wconf 88' lang='lat' dir='ltr'><strong>data</strong></span> <span class='ocrx_word' id='word_1_103' title='bbox 596 1813 782 1902; x_wconf 85' lang='lat' dir='ltr'><strong>discimus,</strong></span> <span class='ocrx_word' id='word_1_104' title='bbox 813 1840 882 1916; x_wconf 91' lang='lat' dir='ltr'><strong>qua</strong></span> <span class='ocrx_word' id='word_1_105' title='bbox 901 1819 1016 1896; x_wconf 86' lang='lat' dir='ltr'><strong>iubet,</strong></span> <span class='ocrx_word' id='word_1_106' title='bbox 1048 1827 1087 1892; x_wconf 82' lang='lat' dir='ltr'><strong>ut</strong></span> 
     </span>
     <span class='ocr_line' id='line_1_16' title="bbox 59 1920 1086 2023; baseline 0 -24"><span class='ocrx_word' id='word_1_107' title='bbox 59 1923 174 2000; x_wconf 80' lang='lat' dir='ltr'><strong>nudus</strong></span> <span class='ocrx_word' id='word_1_108' title='bbox 199 1924 356 2011; x_wconf 74' lang='lat' dir='ltr'><strong>ludam,</strong></span> <span class='ocrx_word' id='word_1_109' title='bbox 384 1923 446 2006; x_wconf 82' lang='lat' dir='ltr'><strong>ves</strong></span> <span class='ocrx_word' id='word_1_110' title='bbox 466 1942 655 2023; x_wconf 80' lang='lat' dir='ltr'><strong>paganus,</strong></span> <span class='ocrx_word' id='word_1_111' title='bbox 696 1920 757 2002; x_wconf 87' lang='lat' dir='ltr'><strong>vel</strong></span> <span class='ocrx_word' id='word_1_112' title='bbox 771 1925 948 2004; x_wconf 77' lang='lat' dir='ltr'><strong>hereticus</strong></span> <span class='ocrx_word' id='word_1_113' title='bbox 958 1925 1086 2023; x_wconf 83' lang='lat' dir='ltr'><strong>servor</strong></span> 
     </span>
     <span class='ocr_line' id='line_1_17' title="bbox 58 2031 1087 2138; baseline 0.002 -28"><span class='ocrx_word' id='word_1_114' title='bbox 58 2031 264 2126; x_wconf 72' lang='lat' dir='ltr'><strong>christianos</strong></span> <span class='ocrx_word' id='word_1_115' title='bbox 289 2032 428 2122; x_wconf 76' lang='lat' dir='ltr'><strong>interr.</strong></span> <span class='ocrx_word' id='word_1_116' title='bbox 491 2033 680 2134; x_wconf 86' lang='lat' dir='ltr'><strong>Tempore</strong></span> <span class='ocrx_word' id='word_1_117' title='bbox 718 2036 754 2115; x_wconf 81' lang='lat'><strong>8.</strong></span> <span class='ocrx_word' id='word_1_118' title='bbox 771 2036 940 2138; x_wconf 85' lang='lat' dir='ltr'><strong>Gregorii</strong></span> <span class='ocrx_word' id='word_1_119' title='bbox 970 2036 1087 2114; x_wconf 85' lang='lat' dir='ltr'><strong>Sardi·</strong></span> 
     </span>
     <span class='ocr_line' id='line_1_18' title="bbox 57 2145 1085 2249; baseline 0.005 -29"><span class='ocrx_word' id='word_1_120' title='bbox 57 2147 129 2230; x_wconf 84' lang='lat' dir='ltr'><strong>niae</strong></span> <span class='ocrx_word' id='word_1_121' title='bbox 150 2148 508 2247; x_wconf 80' lang='lat' dir='ltr'><strong>partemincosebant</strong></span> <span class='ocrx_word' id='word_1_122' title='bbox 527 2145 673 2246; x_wconf 86' lang='lat' dir='ltr'><strong>quidam</strong></span> <span class='ocrx_word' id='word_1_123' title='bbox 693 2147 840 2248; x_wconf 84' lang='lat' dir='ltr'><strong>populi,</strong></span> <span class='ocrx_word' id='word_1_124' title='bbox 872 2148 1085 2249; x_wconf 84' lang='lat' dir='ltr'><strong>Barbannici</strong></span> 
     </span>
     <span class='ocr_line' id='line_1_19' title="bbox 58 2254 1086 2360; baseline 0.003 -26"><span class='ocrx_word' id='word_1_125' title='bbox 58 2256 169 2345; x_wconf 74' lang='lat' dir='ltr'><strong>dicti,</strong></span> <span class='ocrx_word' id='word_1_126' title='bbox 199 2281 291 2360; x_wconf 88' lang='lat' dir='ltr'><strong>quos</strong></span> <span class='ocrx_word' id='word_1_127' title='bbox 311 2257 384 2358; x_wconf 89' lang='lat' dir='ltr'><strong>ipse</strong></span> <span class='ocrx_word' id='word_1_128' title='bbox 408 2254 447 2353; x_wconf 84' lang='lat' dir='ltr'><strong>a)</strong></span> <span class='ocrx_word' id='word_1_129' title='bbox 469 2256 613 2342; x_wconf 85' lang='lat' dir='ltr'><strong>scribit,</strong></span> <span class='ocrx_word' id='word_1_130' title='bbox 671 2275 711 2338; x_wconf 87' lang='lat' dir='ltr'><strong>ut</strong></span> <span class='ocrx_word' id='word_1_131' title='bbox 729 2259 897 2336; x_wconf 85' lang='lat' dir='ltr'><strong>insensata</strong></span> <span class='ocrx_word' id='word_1_132' title='bbox 924 2262 1086 2337; x_wconf 80' lang='lat' dir='ltr'><strong>animaist</strong></span> 
     </span>
     <span class='ocr_line' id='line_1_20' title="bbox 58 2367 1087 2472; baseline 0.002 -30"><span class='ocrx_word' id='word_1_133' title='bbox 58 2370 206 2455; x_wconf 79' lang='lat' dir='ltr'><strong>vire-te,</strong></span> <span class='ocrx_word' id='word_1_134' title='bbox 239 2367 360 2451; x_wconf 87' lang='lat' dir='ltr'><strong>Deum</strong></span> <span class='ocrx_word' id='word_1_135' title='bbox 377 2393 502 2450; x_wconf 85' lang='lat' dir='ltr'><strong>verum</strong></span> <span class='ocrx_word' id='word_1_136' title='bbox 532 2367 681 2454; x_wconf 85' lang='lat' dir='ltr'><strong>nescite,</strong></span> <span class='ocrx_word' id='word_1_137' title='bbox 722 2369 819 2472; x_wconf 83' lang='lat' dir='ltr'><strong>ligna</strong></span> <span class='ocrx_word' id='word_1_138' title='bbox 843 2389 962 2449; x_wconf 88' lang='lat' dir='ltr'><strong>autem</strong></span> <span class='ocrx_word' id='word_1_139' title='bbox 984 2385 1019 2445; x_wconf 90' lang='lat' dir='ltr'><strong>et</strong></span> <span class='ocrx_word' id='word_1_140' title='bbox 1039 2371 1087 2445; x_wconf 87' lang='lat' dir='ltr'><strong>ia-</strong></span> 
     </span>
     <span class='ocr_line' id='line_1_21' title="bbox 56 2478 1122 2583; baseline -0.001 -28"><span class='ocrx_word' id='word_1_141' title='bbox 56 2479 159 2583; x_wconf 88' lang='lat' dir='ltr'><strong>pides</strong></span> <span class='ocrx_word' id='word_1_142' title='bbox 183 2481 344 2562; x_wconf 80' lang='lat' dir='ltr'><strong>adorare.</strong></span> <span class='ocrx_word' id='word_1_143' title='bbox 401 2479 456 2556; x_wconf 83' lang='lat' dir='ltr'><strong>Ad</strong></span> <span class='ocrx_word' id='word_1_144' title='bbox 473 2503 535 2558; x_wconf 86' lang='lat' dir='ltr'><strong>eos</strong></span> <span class='ocrx_word' id='word_1_145' title='bbox 555 2478 822 2559; x_wconf 83' lang='lat' dir='ltr'><strong>convertendos</strong></span> <span class='ocrx_word' id='word_1_146' title='bbox 842 2485 929 2559; x_wconf 73' lang='lat' dir='ltr'><strong>duan</strong></span> <span class='ocrx_word' id='word_1_147' title='bbox 948 2488 1085 2579; x_wconf 80' lang='lat' dir='ltr'><strong>episco-</strong></span> <span class='ocrx_word' id='word_1_148' title='bbox 1116 2545 1122 2554; x_wconf 93' lang='lat'>.</span> 
     </span>
     <span class='ocr_line' id='line_1_22' title="bbox 56 2588 1085 2694; baseline 0.002 -27"><span class='ocrx_word' id='word_1_149' title='bbox 56 2613 148 2694; x_wconf 88' lang='lat' dir='ltr'><strong>pum</strong></span> <span class='ocrx_word' id='word_1_150' title='bbox 167 2588 318 2674; x_wconf 77' lang='lat' dir='ltr'><strong>Felicem</strong></span> <span class='ocrx_word' id='word_1_151' title='bbox 339 2605 374 2673; x_wconf 83' lang='lat' dir='ltr'><strong>et</strong></span> <span class='ocrx_word' id='word_1_152' title='bbox 392 2590 585 2691; x_wconf 84' lang='lat' dir='ltr'><strong>Cyriacurn</strong></span> <span class='ocrx_word' id='word_1_153' title='bbox 610 2589 748 2671; x_wconf 87' lang='lat' dir='ltr'><strong>servum</strong></span> <span class='ocrx_word' id='word_1_154' title='bbox 774 2591 847 2669; x_wconf 88' lang='lat' dir='ltr'><strong>Dei</strong></span> <span class='ocrx_word' id='word_1_155' title='bbox 866 2599 1028 2670; x_wconf 77' lang='lat' dir='ltr'><strong>abbatem</strong></span> <span class='ocrx_word' id='word_1_156' title='bbox 1048 2595 1085 2669; x_wconf 85' lang='lat' dir='ltr'><strong>S.</strong></span> 
     </span>
     <span class='ocr_line' id='line_1_23' title="bbox 56 2700 1085 2789; baseline -0.008 0"><span class='ocrx_word' id='word_1_157' title='bbox 56 2703 212 2789; x_wconf 69' lang='lat' dir='ltr'><strong>Andteae</strong></span> <span class='ocrx_word' id='word_1_158' title='bbox 236 2700 345 2787; x_wconf 83' lang='lat' dir='ltr'><strong>misit,</strong></span> <span class='ocrx_word' id='word_1_159' title='bbox 376 2701 420 2785; x_wconf 78' lang='lat' dir='ltr'><strong>ab</strong></span> <span class='ocrx_word' id='word_1_160' title='bbox 442 2702 482 2782; x_wconf 87' lang='lat' dir='ltr'><strong>iis</strong></span> <span class='ocrx_word' id='word_1_161' title='bbox 507 2701 632 2777; x_wconf 86' lang='lat' dir='ltr'><strong>didicit</strong></span> <span class='ocrx_word' id='word_1_162' title='bbox 655 2725 730 2780; x_wconf 87' lang='lat' dir='ltr'><strong>non</strong></span> <span class='ocrx_word' id='word_1_163' title='bbox 753 2702 821 2780; x_wconf 88' lang='lat' dir='ltr'><strong>hos</strong></span> <span class='ocrx_word' id='word_1_164' title='bbox 846 2704 988 2788; x_wconf 85' lang='lat' dir='ltr'><strong>solum,</strong></span> <span class='ocrx_word' id='word_1_165' title='bbox 1027 2704 1085 2781; x_wconf 82' lang='lat' dir='ltr'><strong>sed</strong></span> 
     </span>
     <span class='ocr_line' id='line_1_24' title="bbox 39 2810 1087 2902; baseline 0.003 -12"><span class='ocrx_word' id='word_1_166' title='bbox 39 2813 209 2902; x_wconf 60' lang='lat' dir='ltr'><strong>,rusticos</strong></span> <span class='ocrx_word' id='word_1_167' title='bbox 229 2811 301 2898; x_wconf 86' lang='lat' dir='ltr'><strong>sete</strong></span> <span class='ocrx_word' id='word_1_168' title='bbox 319 2835 445 2895; x_wconf 85' lang='lat' dir='ltr'><strong>omnes</strong></span> <span class='ocrx_word' id='word_1_169' title='bbox 465 2815 502 2888; x_wconf 91' lang='lat' dir='ltr'><strong>in</strong></span> <span class='ocrx_word' id='word_1_170' title='bbox 521 2810 678 2890; x_wconf 84' lang='lat' dir='ltr'><strong>Sardinia</strong></span> <span class='ocrx_word' id='word_1_171' title='bbox 701 2813 910 2891; x_wconf 79' lang='lat' dir='ltr'><strong>idololatriae</strong></span> <span class='ocrx_word' id='word_1_172' title='bbox 929 2817 1087 2893; x_wconf 82' lang='lat' dir='ltr'><strong>deditos.</strong></span> 
     </span>
     <span class='ocr_line' id='line_1_25' title="bbox 57 2921 1087 3022; baseline -0.004 -20"><span class='ocrx_word' id='word_1_173' title='bbox 57 2921 148 3010; x_wconf 82' lang='lat' dir='ltr'><strong>Haec</strong></span> <span class='ocrx_word' id='word_1_174' title='bbox 173 2923 217 3004; x_wconf 92' lang='lat' dir='ltr'><strong>ad</strong></span> <span class='ocrx_word' id='word_1_175' title='bbox 250 2948 384 3009; x_wconf 83' lang='lat' dir='ltr'><strong>anuum</strong></span> <span class='ocrx_word' id='word_1_176' title='bbox 417 2941 503 3019; x_wconf 78' lang='lat'><em>593.</em></span> <span class='ocrx_word' id='word_1_177' title='bbox 545 2935 582 3000; x_wconf 91' lang='lat' dir='ltr'><strong>et</strong></span> <span class='ocrx_word' id='word_1_178' title='bbox 609 2943 714 3014; x_wconf 82' lang='lat'>594..</span> <span class='ocrx_word' id='word_1_179' title='bbox 739 2922 898 3002; x_wconf 86' lang='lat' dir='ltr'><strong>referunt</strong></span> <span class='ocrx_word' id='word_1_180' title='bbox 939 2928 1087 3022; x_wconf 79' lang='lat' dir='ltr'><strong>scripto-</strong></span> 
     </span>
     <span class='ocr_line' id='line_1_26' title="bbox 58 3031 1088 3133; baseline 0.002 -23"><span class='ocrx_word' id='word_1_181' title='bbox 58 3057 115 3120; x_wconf 86' lang='lat' dir='ltr'><strong>res</strong></span> <span class='ocrx_word' id='word_1_182' title='bbox 163 3037 241 3122; x_wconf 75' lang='lat' dir='ltr'><strong>rite</strong></span> <span class='ocrx_word' id='word_1_183' title='bbox 293 3036 329 3121; x_wconf 98' lang='grc'><strong>8</strong></span> <span class='ocrx_word' id='word_1_184' title='bbox 364 3033 534 3133; x_wconf 86' lang='lat' dir='ltr'><strong>Gregorii</strong></span> <span class='ocrx_word' id='word_1_185' title='bbox 576 3031 883 3113; x_wconf 82' lang='lat' dir='ltr'><strong>San-Maurenses</strong></span> <span class='ocrx_word' id='word_1_186' title='bbox 930 3039 1088 3112; x_wconf 74' lang='lat' dir='ltr'><strong>editores</strong></span> 
     </span>
     <span class='ocr_line' id='line_1_27' title="bbox 58 3145 1090 3246; baseline 0.002 -24"><span class='ocrx_word' id='word_1_187' title='bbox 58 3169 212 3243; x_wconf 80' lang='lat' dir='ltr'><strong>operum</strong></span> <span class='ocrx_word' id='word_1_188' title='bbox 252 3145 435 3227; x_wconf 77' lang='lat' dir='ltr'><strong>erus2den</strong></span> <span class='ocrx_word' id='word_1_189' title='bbox 500 3159 537 3222; x_wconf 92' lang='lat' dir='ltr'><strong>et</strong></span> <span class='ocrx_word' id='word_1_190' title='bbox 569 3145 612 3222; x_wconf 88' lang='lat' dir='ltr'><strong>ad</strong></span> <span class='ocrx_word' id='word_1_191' title='bbox 644 3169 702 3222; x_wconf 86' lang='grc' dir='ltr'><strong>ιο.</strong></span> <span class='ocrx_word' id='word_1_192' title='bbox 728 3167 818 3238; x_wconf 82' lang='lat'><strong>597·</strong></span> <span class='ocrx_word' id='word_1_193' title='bbox 858 3146 1090 3246; x_wconf 83' lang='lat' dir='ltr'><strong>pontificatue</strong></span> 
     </span>
     <span class='ocr_line' id='line_1_28' title="bbox 61 3253 1178 3358; baseline 0 -24"><span class='ocrx_word' id='word_1_194' title='bbox 61 3256 235 3356; x_wconf 87' lang='lat' dir='ltr'><strong>Gregorii</strong></span> <span class='ocrx_word' id='word_1_195' title='bbox 262 3255 427 3356; x_wconf 65' lang='lat' dir='ltr'><strong>odarum</strong></span> <span class='ocrx_word' id='word_1_196' title='bbox 453 3253 652 3335; x_wconf 84' lang='lat' dir='ltr'><strong>Corsorum</strong></span> <span class='ocrx_word' id='word_1_197' title='bbox 672 3254 965 3343; x_wconf 77' lang='lat' dir='ltr'><strong>conversionem,</strong></span> <span class='ocrx_word' id='word_1_198' title='bbox 996 3260 1084 3334; x_wconf 89' lang='lat' dir='ltr'><strong>dum</strong></span> <span class='ocrx_word' id='word_1_199' title='bbox 1176 3355 1178 3358; x_wconf 6' lang='grc' dir='ltr'><em>Α</em></span> 
     </span>
     <span class='ocr_line' id='line_1_29' title="bbox 59 3365 1092 3466; baseline -0.001 -22"><span class='ocrx_word' id='word_1_200' title='bbox 59 3369 105 3444; x_wconf 86' lang='lat' dir='ltr'><strong>ad</strong></span> <span class='ocrx_word' id='word_1_201' title='bbox 143 3392 226 3449; x_wconf 89' lang='lat' dir='ltr'><strong>eum</strong></span> <span class='ocrx_word' id='word_1_202' title='bbox 261 3368 398 3451; x_wconf 89' lang='lat' dir='ltr'><strong>dehac</strong></span> <span class='ocrx_word' id='word_1_203' title='bbox 432 3390 470 3443; x_wconf 91' lang='lat' dir='ltr'><strong>te</strong></span> <span class='ocrx_word' id='word_1_204' title='bbox 496 3365 726 3466; x_wconf 88' lang='lat' dir='ltr'><strong>perscriberet</strong></span> <span class='ocrx_word' id='word_1_205' title='bbox 761 3366 886 3446; x_wconf 85' lang='lat' dir='ltr'><strong>Petrus</strong></span> <span class='ocrx_word' id='word_1_206' title='bbox 927 3371 1092 3445; x_wconf 71' lang='lat' dir='ltr'><strong>riseri-en</strong></span> 
     </span>
     <span class='ocr_line' id='line_1_30' title="bbox 10 3476 1089 3581; baseline 0.002 -27"><span class='ocrx_word' id='word_1_207' title='bbox 10 3533 26 3564; x_wconf 82' lang='grc'><strong>,.</strong></span> <span class='ocrx_word' id='word_1_208' title='bbox 56 3476 101 3554; x_wconf 88' lang='lat' dir='ltr'><strong>fis</strong></span> <span class='ocrx_word' id='word_1_209' title='bbox 123 3479 330 3577; x_wconf 85' lang='lat' dir='ltr'><strong>episcopus,</strong></span> <span class='ocrx_word' id='word_1_210' title='bbox 359 3479 467 3555; x_wconf 82' lang='lat' dir='ltr'><strong>esium</strong></span> <span class='ocrx_word' id='word_1_211' title='bbox 488 3478 606 3554; x_wconf 86' lang='lat' dir='ltr'><strong>adbuc</strong></span> <span class='ocrx_word' id='word_1_212' title='bbox 622 3478 830 3581; x_wconf 85' lang='lat' dir='ltr'><strong>episcopum</strong></span> <span class='ocrx_word' id='word_1_213' title='bbox 844 3481 953 3556; x_wconf 82' lang='lat' dir='ltr'><strong>ordin</strong></span> <span class='ocrx_word' id='word_1_214' title='bbox 958 3485 1026 3555; x_wconf 85' lang='lat' dir='ltr'><strong>avit</strong></span> <span class='ocrx_word' id='word_1_215' title='bbox 1046 3503 1089 3556; x_wconf 84' lang='lat' dir='ltr'><strong>ca</strong></span> 
     </span>
     <span class='ocr_line' id='line_1_31' title="bbox 57 3586 1087 3692; baseline 0.005 -29"><span class='ocrx_word' id='word_1_216' title='bbox 57 3591 96 3672; x_wconf 92' lang='lat' dir='ltr'><strong>in</strong></span> <span class='ocrx_word' id='word_1_217' title='bbox 119 3589 227 3671; x_wconf 86' lang='lat' dir='ltr'><strong>insula</strong></span> <span class='ocrx_word' id='word_1_218' title='bbox 247 3614 321 3672; x_wconf 91' lang='lat' dir='ltr'><strong>non</strong></span> <span class='ocrx_word' id='word_1_219' title='bbox 344 3586 472 3692; x_wconf 88' lang='lat' dir='ltr'><strong>procul</strong></span> <span class='ocrx_word' id='word_1_220' title='bbox 501 3603 693 3676; x_wconf 88' lang='lat' dir='ltr'><strong>amunte,</strong></span> <span class='ocrx_word' id='word_1_221' title='bbox 724 3613 832 3690; x_wconf 88' lang='lat' dir='ltr'><strong>quem</strong></span> <span class='ocrx_word' id='word_1_222' title='bbox 858 3592 1000 3690; x_wconf 84' lang='lat' dir='ltr'><strong>plurinn</strong></span> <span class='ocrx_word' id='word_1_223' title='bbox 1026 3594 1087 3669; x_wconf 89' lang='lat' dir='ltr'><strong>ad·</strong></span> 
     </span>
     <span class='ocr_line' id='line_1_32' title="bbox 58 3699 1150 3794; baseline 0.005 -18"><span class='ocrx_word' id='word_1_224' title='bbox 58 3699 132 3776; x_wconf 88' lang='lat' dir='ltr'><strong>lroc</strong></span> <span class='ocrx_word' id='word_1_225' title='bbox 149 3699 333 3779; x_wconf 82' lang='lat' dir='ltr'><strong>idolorum</strong></span> <span class='ocrx_word' id='word_1_226' title='bbox 359 3700 514 3778; x_wconf 81' lang='lat' dir='ltr'><strong>cultores</strong></span> <span class='ocrx_word' id='word_1_227' title='bbox 532 3699 753 3780; x_wconf 87' lang='lat' dir='ltr'><strong>incolebant.</strong></span> <span class='ocrx_word' id='word_1_228' title='bbox 810 3703 933 3780; x_wconf 87' lang='lat' dir='ltr'><strong>Citant</strong></span> <span class='ocrx_word' id='word_1_229' title='bbox 951 3705 1085 3794; x_wconf 75' lang='lat' dir='ltr'><strong>ibidem</strong></span> <span class='ocrx_word' id='word_1_230' title='bbox 1132 3742 1150 3782; x_wconf 86' lang='grc'><strong>.·</strong></span> 
     </span>
     <span class='ocr_line' id='line_1_33' title="bbox 58 3808 1092 3919; baseline 0 -28"><span class='ocrx_word' id='word_1_231' title='bbox 58 3812 243 3912; x_wconf 84' lang='lat' dir='ltr'><strong>epistolam</strong></span> <span class='ocrx_word' id='word_1_232' title='bbox 272 3814 317 3893; x_wconf 85' lang='lat' dir='ltr'><strong>ad</strong></span> <span class='ocrx_word' id='word_1_233' title='bbox 338 3810 531 3919; x_wconf 82' lang='lat' dir='ltr'><strong>Agneslum</strong></span> <span class='ocrx_word' id='word_1_234' title='bbox 566 3808 856 3896; x_wconf 81' lang='lat' dir='ltr'><strong>Terracinensem</strong></span> <span class='ocrx_word' id='word_1_235' title='bbox 876 3837 933 3911; x_wconf 85' lang='lat' dir='ltr'><strong>ep.</strong></span> <span class='ocrx_word' id='word_1_236' title='bbox 952 3838 997 3888; x_wconf 83' lang='lat' dir='ltr'><strong>ex</strong></span> <span class='ocrx_word' id='word_1_237' title='bbox 1016 3838 1092 3916; x_wconf 83' lang='lat' dir='ltr'><strong>qua</strong></span> 
     </span>
    </p>
   </div>
   <div class='ocr_carea' id='block_1_5' title="bbox 94 3928 1179 4110">
    <p class='ocr_par' dir='ltr' id='par_1_5' title="bbox 94 3928 1179 4110">
     <span class='ocr_line' id='line_1_34' title="bbox 761 3928 1179 4014; baseline -0.022 -4"><span class='ocrx_word' id='word_1_238' title='bbox 761 3970 767 3981; x_wconf 90' lang='lat'><em>·</em></span> <span class='ocrx_word' id='word_1_239' title='bbox 866 3928 1031 4014; x_wconf 79' lang='lat' dir='ltr'><strong>constat,</strong></span> <span class='ocrx_word' id='word_1_240' title='bbox 1176 3995 1179 4001; x_wconf 74' lang='grc'>,</span> 
     </span>
     <span class='ocr_line' id='line_1_35' title="bbox 94 4026 509 4110; baseline -0.014 -14"><span class='ocrx_word' id='word_1_241' title='bbox 94 4027 133 4106; x_wconf 76' lang='lat' dir='ltr'><strong>e&gt;</strong></span> <span class='ocrx_word' id='word_1_242' title='bbox 151 4026 214 4094; x_wconf 68' lang='lat' dir='ltr'><strong>eit</strong></span> <span class='ocrx_word' id='word_1_243' title='bbox 240 4026 291 4095; x_wconf 75' lang='lat' dir='ltr'><strong>lv.</strong></span> <span class='ocrx_word' id='word_1_244' title='bbox 314 4046 361 4110; x_wconf 77' lang='grc' dir='ltr'>οι.</span> <span class='ocrx_word' id='word_1_245' title='bbox 384 4042 432 4108; x_wconf 82' lang='grc' dir='ltr'><strong>ιι.</strong></span> <span class='ocrx_word' id='word_1_246' title='bbox 456 4041 509 4106; x_wconf 78' lang='grc' dir='ltr'><strong>ιι,</strong></span> 
     </span>
    </p>
   </div>
   <div class='ocr_carea' id='block_1_6' title="bbox 0 0 1260 4958">
    <p class='ocr_par' dir='ltr' id='par_1_6' title="bbox 0 0 1260 4958">
     <span class='ocr_line' id='line_1_36' title="bbox 0 0 1260 4958; baseline 0 0"><span class='ocrx_word' id='word_1_247' title='bbox 0 0 1260 4958; x_wconf 95' lang='lat' dir='ltr'><strong> </strong></span> 
     </span>
    </p>
   </div>
  </div>
 </body>
</html>
