2512 4620
278 244 429 329 reguum
450 215 582 314 curiit·
603 220 644 305 in
662 221 774 303 terris
788 243 817 301 c.
844 204 998 306 XM
1070 244 1151 325 197
1221 230 1224 235 ’

103 440 127 483 „
156 388 357 467 exterieure
379 386 430 469 est
455 379 506 466 ou
531 381 714 472 definitive
728 405 778 462 ou
812 383 985 470 coadiue.
1041 382 1151 470 L’au.

100 556 124 594 ,‚
154 496 263 584 torius
287 498 470 581 definitive
496 519 544 577 eu
579 498 727 582 mutiere
753 497 800 575 de
827 497 908 587 soi.
943 513 981 583 et
1000 498 1046 581 d'e
1066 502 1148 581 resi.

103 668 126 708 „
169 616 259 712 gion
281 607 678 713 appartieutil’eglisu
719 605 773 695 La
790 605 969 710 puissauce
987 613 1149 693 coaiiive

101 778 125 821 „
154 728 218 825 qui
242 724 275 805 se
297 724 361 807 suit
377 746 428 802 ou
449 746 512 825 par
535 721 721 809 violence,
750 745 800 807 ou
817 746 879 826 par
895 723 1061 808 censureu
1078 724 1153 827 spi*

102 892 127 931 ‚,
157 835 336 928 rituelles3
375 852 431 913 eu
450 850 529 912 taut
550 833 682 937 qu’elle
704 833 856 912 consiste
881 834 969 912 daus
990 835 1040 914 ies
1059 859 1146 916 cen·

101 1006 124 1045 „
156 949 250 1027 sures
272 945 513 1049 spiritueiles,
542 945 577 1033 le
601 944 702 1030 dtuit
724 944 770 1032 de
794 946 846 1035 les
867 962 994 1056 portet
1016 972 1144 1054 appar-

100 1116 124 1158 „
153 1064 245 1141 tieut
266 1084 286 1143 a
308 1058 440 1166 l’egsise
455 1115 489 1160 „.

188 1221 293 1307 Dum
312 1218 358 1300 fic
383 1217 540 1310 Ecclesia
562 1218 764 1322 Angucana-
794 1222 946 1328 propius
967 1219 1146 1331 systeuuti

101 1334 326 1420 hierarchice
357 1330 518 1419 Ecclesiae
538 1331 723 1411 catholicae
742 1332 901 1428 uccedit;
930 1337 967 1412 in
990 1334 1145 1416 Germa·
1210 1343 1212 1346 ‘

102 1451 160 1525 nia
187 1462 337 1529 econtra
356 1445 513 1529 Thomae
525 1443 700 1526 Hobbefii
716 1445 882 1527 dourina
896 1447 1146 1532 introducitur

101 1560 246 1639 aussore
260 1552 464 1641 Christiani)
481 1555 694 1644 Thomafio.
742 1557 820 1659 Qui
836 1553 984 1659 quidem
1004 1584 1080 1639 uon
1101 1575 1144 1642 ut

101 1669 306 1755 Hobbesius
326 1694 395 1769 pro
418 1669 660 1755 fundamento
685 1670 809 1770 posuit
836 1672 1037 1755 inimicitius
1060 1697 1144 1752 om·

102 1787 205 1862 nium
231 1800 358 1860 contra
387 1803 536 1873 omnes3
581 1778 638 1856 sed
669 1794 790 1857 tumen
816 1781 1017 1879 iuimicitias
1038 1785 1141 1875 suus,

100 1900 342 1994 animumque
367 1890 572 1972 vindicandi
594 1890 663 1973 sese
686 1890 944 1977 deminutis,
982 1908 1022 1971 et
1037 1895 1144 1974 theo·

101 2007 200 2106 logis
227 2002 485 2104 L‚ips1enfibus.‚
516 2003 580 2110 qui
604 2001 980 2088 cumsiatudocendi
1004 2005 1143 2084 deiece-

100 2134 212 2205 runt,
241 2118 375 2221 spirans
404 2117 497 2205 iras,
539 2111 600 2191 sibi
621 2113 811 2216 proposuit
839 2136 923 2193 cum
953 2113 1140 2203 Hobbesuu

102 2228 285 2313 ecclesiam
308 2250 480 2315 omnem,
511 2226 964 2331 utdipemquepraeprimis
980 2227 1143 2310 ecciesia-

101 2343 228 2420 sticum
258 2344 365 2421 etium
397 2336 660 2427 ministerialem
692 2356 832 2424 tantum
862 2352 899 2417 et
924 2339 1141 2421 ducentium
1195 2394 1200 2407 ·
1233 2436 1240 2447 p

102 2454 188 2540 loco
216 2452 283 2537 suu.
302 2477 482 2541 movere„
519 2450 595 2534 suni
621 2466 714 2539 tuuc,
736 2450 913 2551 puduerat
936 2450 1142 2537 Protestan-

101 2582 154 2649 tes
186 2567 272 2649 iuris
294 2565 384 2645 iilius
413 2557 713 2673 episcopalis'seu
729 2563 947 2652 dioecesani,
979 2568 1080 2666 quud
1099 2567 1141 2645 fi.

100 2680 137 2760 bi
167 2679 264 2754 velut
286 2678 420 2758 sacrum
445 2679 568 2779 iguem
592 2673 656 2760 visi'
682 2671 763 2767 suut
780 2674 970 2762 suffurati,
1002 2680 1088 2776 igne
1104 2694 1142 2757 et

101 2790 199 2869 ferro
232 2804 421 2873 extortum
436 2801 515 2864 tum
544 2785 633 2871 Pace
665 2783 876 2883 Religiusa,
923 2807 1006 2866 curu
1032 2792 1141 2866 etiam

101 2898 362 3000 westphalica.
424 2897 482 2976 lus
501 2897 574 2976 hoc
595 2896 725 2984 Beued.
751 2897 982 2998 Curpzuvius
1004 2924 1142 3000 magno

102 3013 221 3098 studio
247 3011 467 3112 principibus
494 3007 774 3092 Ptotestuutibuu
800 3007 965 3088 assertum
992 3010 1060 3088 esse
1077 3037 1140 3090 vu-

102 3116 190 3220 lui⁴t3
222 3123 406 3224 displicere
429 3145 513 3199 vero
539 3122 662 3223 postea
684 3125 822 3222 coepit,
862 3123 1039 3224 quidquid
1066 3125 1142 3203 hie·

102 3239 278 3321 tarchiam
291 3236 442 3334 saperet,
464 3232 729 3336 visumqueest,
746 3231 933 3316 Ecciefium
950 3239 1053 3316 omni
1074 3239 1142 3315 ho-

104 3374 217 3438 nore,
248 3373 289 3425 ac
317 3350 394 3425 iure
412 3345 571 3451 spoliare
633 3346 726 3424 Sam.
754 3344 1016 3427 Puffeudorfius
1039 3351 1075 3427 id
1100 3348 1141 3426 [i-

104 3462 144 3538 bi
170 3462 297 3541 iamin
325 3461 420 3543 sibso
448 3456 492 3535 de
525 3455 651 3543 habitu
677 3455 860 3553 religionis
883 3454 1077 3544 chrisiiuna
1095 3460 1143 3539 ud

104 3574 222 3649 vitum
242 3568 383 3647 ciuilem
415 3571 640 3651 statuendum
666 3568 805 3656 sumsit,
849 3568 1038 3657 Ecclesiam
1063 3597 1139 3650 nou

105 3681 175 3762 esse
195 3684 371 3766 usummo
393 3686 548 3784 imperio
570 3681 665 3760 civili
687 3680 913 3770 disiiusiuuu,
945 3685 999 3763 vel
1019 3709 1142 3764 exem-

105 3812 186 3876 tum
207 3797 331 3873 statum
350 3819 434 3874 cum
463 3797 618 3897 imperio
643 3797 836 3881 nimirum,
865 3801 1144 3897 atquepraeemi-

106 3912 228 3987 uentiu
250 3910 355 3985 unius
378 3906 608 3986 adulterum.
667 3902 752 3985 Hoc
778 3903 897 4009 posito
928 3910 1142 3987 fundamen·

602 4018 690 4109 Ni
1024 4030 1087 4111 tu,
