<?xml version="1.0" encoding="UTF-8"?>
<!DOCTYPE html PUBLIC "-//W3C//DTD XHTML 1.0 Transitional//EN"
    "http://www.w3.org/TR/xhtml1/DTD/xhtml1-transitional.dtd">
<html xmlns="http://www.w3.org/1999/xhtml" xml:lang="en" lang="en">
 <head>
  <title>
</title>
<meta http-equiv="Content-Type" content="text/html;charset=utf-8" />
  <meta name='ocr-system' content='tesseract 3.04.00' />
  <meta name='ocr-capabilities' content='ocr_page ocr_carea ocr_par ocr_line ocrx_word'/>
</head>
<body>
  <div class='ocr_page' id='page_1' title='image "./ecclesiamilitan01gerbgoog_0180.png"; bbox 0 0 2506 4958; ppageno 0'>
   <div class='ocr_carea' id='block_1_1' title="bbox 95 146 1108 349">
    <p class='ocr_par' dir='ltr' id='par_1_1' title="bbox 95 146 1108 349">
     <span class='ocr_line' id='line_1_1' title="bbox 95 146 1108 349; baseline -0.004 -49"><span class='ocrx_word' id='word_1_1' title='bbox 95 160 767 349; x_wconf 57' lang='lat' dir='ltr'>regumnclrriliintmirmlllil.</span> <span class='ocrx_word' id='word_1_2' title='bbox 883 238 967 317; x_wconf 73' lang='lat'>¹5⁷</span> <span class='ocrx_word' id='word_1_3' title='bbox 1025 146 1108 227; x_wconf 69' lang='grc' dir='ltr'> </span> 
     </span>
    </p>
   </div>
   <div class='ocr_carea' id='block_1_2' title="bbox 88 378 1069 598">
    <p class='ocr_par' dir='ltr' id='par_1_2' title="bbox 88 378 1069 598">
     <span class='ocr_line' id='line_1_2' title="bbox 88 378 967 485; baseline -0.003 -22"><span class='ocrx_word' id='word_1_4' title='bbox 88 384 238 463; x_wconf 79' lang='lat' dir='ltr'>{lentare</span> <span class='ocrx_word' id='word_1_5' title='bbox 253 380 287 460; x_wconf 87' lang='lat' dir='ltr'>se</span> <span class='ocrx_word' id='word_1_6' title='bbox 298 380 451 482; x_wconf 78' lang='lat' dir='ltr'>publico</span> <span class='ocrx_word' id='word_1_7' title='bbox 476 378 663 479; x_wconf 71' lang='lat' dir='ltr'>religionis</span> <span class='ocrx_word' id='word_1_8' title='bbox 690 380 883 467; x_wconf 70' lang='lat' dir='ltr'>colimur</span> <span class='ocrx_word' id='word_1_9' title='bbox 897 404 967 485; x_wconf 83' lang='lat' dir='ltr'>po·</span> 
     </span>
     <span class='ocr_line' id='line_1_3' title="bbox 88 492 1069 598; baseline 0.001 -22"><span class='ocrx_word' id='word_1_10' title='bbox 88 494 395 598; x_wconf 62' lang='lat' dir='ltr'>*imperatoribus</span> <span class='ocrx_word' id='word_1_11' title='bbox 417 492 636 579; x_wconf 86' lang='lat' dir='ltr'>christiania,</span> <span class='ocrx_word' id='word_1_12' title='bbox 675 514 752 589; x_wconf 85' lang='lat' dir='ltr'>non</span> <span class='ocrx_word' id='word_1_13' title='bbox 783 498 988 594; x_wconf 79' lang='lat' dir='ltr'>potuerit3</span> <span class='ocrx_word' id='word_1_14' title='bbox 1061 558 1069 577; x_wconf 93' lang='lat'><strong><em>.</em></strong></span> 
     </span>
    </p>
   </div>
   <div class='ocr_carea' id='block_1_3' title="bbox 87 606 1131 824">
    <p class='ocr_par' dir='ltr' id='par_1_3' title="bbox 87 606 1131 824">
     <span class='ocr_line' id='line_1_4' title="bbox 87 606 1131 707; baseline -0.005 -19"><span class='ocrx_word' id='word_1_15' title='bbox 87 632 146 688; x_wconf 88' lang='lat' dir='ltr'>em</span> <span class='ocrx_word' id='word_1_16' title='bbox 174 624 296 687; x_wconf 85' lang='lat' dir='ltr'>temen</span> <span class='ocrx_word' id='word_1_17' title='bbox 311 626 397 703; x_wconf 63' lang='lat' dir='ltr'>,eam</span> <span class='ocrx_word' id='word_1_18' title='bbox 421 618 627 705; x_wconf 84' lang='lat' dir='ltr'>acceptam,</span> <span class='ocrx_word' id='word_1_19' title='bbox 672 606 833 695; x_wconf 84' lang='lat' dir='ltr'>adirioo</span> <span class='ocrx_word' id='word_1_20' title='bbox 854 608 969 707; x_wconf 80' lang='lat' dir='ltr'>magi·</span> <span class='ocrx_word' id='word_1_21' title='bbox 1095 610 1131 683; x_wconf 55' lang='lat' dir='ltr'>&#39;a</span> 
     </span>
     <span class='ocr_line' id='line_1_5' title="bbox 88 713 1125 824; baseline -0.003 -27"><span class='ocrx_word' id='word_1_22' title='bbox 88 742 141 824; x_wconf 75' lang='lat' dir='ltr'>:ge</span> <span class='ocrx_word' id='word_1_23' title='bbox 162 742 291 819; x_wconf 84' lang='lat' dir='ltr'>regum</span> <span class='ocrx_word' id='word_1_24' title='bbox 307 730 346 793; x_wconf 87' lang='lat' dir='ltr'>et</span> <span class='ocrx_word' id='word_1_25' title='bbox 365 717 520 795; x_wconf 89' lang='lat' dir='ltr'>domino</span> <span class='ocrx_word' id='word_1_26' title='bbox 542 713 811 796; x_wconf 83' lang='lat' dir='ltr'>dominantium</span> <span class='ocrx_word' id='word_1_27' title='bbox 831 718 970 822; x_wconf 77' lang='lat' dir='ltr'>ubique</span> <span class='ocrx_word' id='word_1_28' title='bbox 1091 762 1096 783; x_wconf 89' lang='lat'><em>·</em></span> <span class='ocrx_word' id='word_1_29' title='bbox 1120 808 1125 817; x_wconf 27' lang='grc' dir='ltr'>ι</span> 
     </span>
    </p>
   </div>
   <div class='ocr_carea' id='block_1_4' title="bbox 87 826 1115 1716">
    <p class='ocr_par' dir='ltr' id='par_1_4' title="bbox 87 826 1114 1379">
     <span class='ocr_line' id='line_1_6' title="bbox 88 826 992 930; baseline 0.006 -23"><span class='ocrx_word' id='word_1_30' title='bbox 88 826 384 928; x_wconf 68' lang='grc' dir='ltr'>ηᾶυτοκριτυιῦς</span> <span class='ocrx_word' id='word_1_31' title='bbox 413 829 533 930; x_wconf 87' lang='lat' dir='ltr'>(quin</span> <span class='ocrx_word' id='word_1_32' title='bbox 568 826 625 905; x_wconf 83' lang='lat' dir='ltr'>vel</span> <span class='ocrx_word' id='word_1_33' title='bbox 666 851 743 907; x_wconf 93' lang='lat' dir='ltr'>uno</span> <span class='ocrx_word' id='word_1_34' title='bbox 786 830 888 929; x_wconf 86' lang='lat' dir='ltr'>apice</span> <span class='ocrx_word' id='word_1_35' title='bbox 913 832 992 913; x_wconf 84' lang='lat' dir='ltr'>itt·</span> 
     </span>
     <span class='ocr_line' id='line_1_7' title="bbox 88 936 971 1043; baseline -0.002 -18"><span class='ocrx_word' id='word_1_36' title='bbox 88 946 134 1025; x_wconf 88' lang='lat' dir='ltr'>lio</span> <span class='ocrx_word' id='word_1_37' title='bbox 152 958 310 1043; x_wconf 91' lang='lat' dir='ltr'>totoque</span> <span class='ocrx_word' id='word_1_38' title='bbox 343 962 444 1018; x_wconf 80' lang='lat' dir='ltr'>novo</span> <span class='ocrx_word' id='word_1_39' title='bbox 472 937 708 1017; x_wconf 84' lang='lat' dir='ltr'>Testamento</span> <span class='ocrx_word' id='word_1_40' title='bbox 733 936 971 1023; x_wconf 82' lang='lat' dir='ltr'>demonstrati</span> 
     </span>
     <span class='ocr_line' id='line_1_8' title="bbox 98 1049 972 1163; baseline -0.001 -27"><span class='ocrx_word' id='word_1_41' title='bbox 98 1055 211 1136; x_wconf 87' lang='lat' dir='ltr'>ullam</span> <span class='ocrx_word' id='word_1_42' title='bbox 232 1071 410 1131; x_wconf 74' lang='lat' dir='ltr'>extraneae</span> <span class='ocrx_word' id='word_1_43' title='bbox 437 1049 639 1163; x_wconf 84' lang='lat' dir='ltr'>potestati</span> <span class='ocrx_word' id='word_1_44' title='bbox 628 1049 764 1153; x_wconf 80' lang='lat' dir='ltr'>inipso</span> <span class='ocrx_word' id='word_1_45' title='bbox 791 1054 972 1153; x_wconf 77' lang='lat' dir='ltr'>tegimine</span> 
     </span>
     <span class='ocr_line' id='line_1_9' title="bbox 88 1148 1114 1271; baseline 0.001 -25"><span class='ocrx_word' id='word_1_46' title='bbox 88 1168 169 1245; x_wconf 77' lang='lat' dir='ltr'>lico</span> <span class='ocrx_word' id='word_1_47' title='bbox 188 1162 346 1243; x_wconf 84' lang='lat' dir='ltr'>datamf</span> <span class='ocrx_word' id='word_1_48' title='bbox 327 1158 429 1241; x_wconf 77' lang='lat' dir='ltr'>fuisse</span> <span class='ocrx_word' id='word_1_49' title='bbox 450 1148 617 1264; x_wconf 81' lang='lat' dir='ltr'>partem)</span> <span class='ocrx_word' id='word_1_50' title='bbox 636 1166 806 1265; x_wconf 85' lang='lat' dir='ltr'>optimo</span> <span class='ocrx_word' id='word_1_51' title='bbox 831 1164 974 1247; x_wconf 78' lang='lat' dir='ltr'>iollitu·</span> <span class='ocrx_word' id='word_1_52' title='bbox 1107 1246 1114 1271; x_wconf 62' lang='grc'><strong>,</strong></span> 
     </span>
     <span class='ocr_line' id='line_1_10' title="bbox 87 1270 1066 1379; baseline 0.003 -24"><span class='ocrx_word' id='word_1_53' title='bbox 87 1278 155 1357; x_wconf 82' lang='lat' dir='ltr'>luae</span> <span class='ocrx_word' id='word_1_54' title='bbox 177 1289 372 1355; x_wconf 86' lang='lat' dir='ltr'>momento</span> <span class='ocrx_word' id='word_1_55' title='bbox 396 1270 470 1354; x_wconf 86' lang='lat' dir='ltr'>line</span> <span class='ocrx_word' id='word_1_56' title='bbox 503 1272 580 1355; x_wconf 94' lang='lat' dir='ltr'>ullo</span> <span class='ocrx_word' id='word_1_57' title='bbox 607 1273 753 1355; x_wconf 82' lang='lat' dir='ltr'>alteriue</span> <span class='ocrx_word' id='word_1_58' title='bbox 787 1276 974 1379; x_wconf 77' lang='lat' dir='ltr'>potestati·</span> <span class='ocrx_word' id='word_1_59' title='bbox 1059 1288 1066 1303; x_wconf 80' lang='grc'><em>“</em></span> 
     </span>
    </p>

    <p class='ocr_par' dir='ltr' id='par_1_5' title="bbox 89 1382 1115 1716">
     <span class='ocr_line' id='line_1_11' title="bbox 89 1382 1092 1493; baseline 0.003 -25"><span class='ocrx_word' id='word_1_60' title='bbox 89 1392 157 1480; x_wconf 93' lang='lat' dir='ltr'>io,</span> <span class='ocrx_word' id='word_1_61' title='bbox 202 1388 342 1493; x_wconf 78' lang='lat' dir='ltr'>{emper</span> <span class='ocrx_word' id='word_1_62' title='bbox 368 1389 559 1474; x_wconf 84' lang='lat' dir='ltr'>exercuit,</span> <span class='ocrx_word' id='word_1_63' title='bbox 603 1388 642 1465; x_wconf 92' lang='lat' dir='ltr'>in</span> <span class='ocrx_word' id='word_1_64' title='bbox 672 1382 741 1469; x_wconf 86' lang='lat' dir='ltr'>luia</span> <span class='ocrx_word' id='word_1_65' title='bbox 771 1390 985 1491; x_wconf 78' lang='lat' dir='ltr'>pastorium</span> <span class='ocrx_word' id='word_1_66' title='bbox 1087 1478 1092 1483; x_wconf 67' lang='grc'><strong>,</strong></span> 
     </span>
     <span class='ocr_line' id='line_1_12' title="bbox 89 1496 1115 1603; baseline 0.003 -21"><span class='ocrx_word' id='word_1_67' title='bbox 89 1524 184 1583; x_wconf 82' lang='lat' dir='ltr'>uam.</span> <span class='ocrx_word' id='word_1_68' title='bbox 242 1498 357 1579; x_wconf 86' lang='lat' dir='ltr'>Cuius</span> <span class='ocrx_word' id='word_1_69' title='bbox 396 1499 498 1578; x_wconf 89' lang='lat' dir='ltr'>modi</span> <span class='ocrx_word' id='word_1_70' title='bbox 532 1497 643 1588; x_wconf 85' lang='lat' dir='ltr'>lunt,</span> <span class='ocrx_word' id='word_1_71' title='bbox 688 1522 782 1603; x_wconf 84' lang='lat' dir='ltr'>quot</span> <span class='ocrx_word' id='word_1_72' title='bbox 810 1496 973 1602; x_wconf 83' lang='lat' dir='ltr'>ipleD.</span> <span class='ocrx_word' id='word_1_73' title='bbox 1087 1538 1115 1585; x_wconf 94' lang='grc'>·.</span> 
     </span>
     <span class='ocr_line' id='line_1_13' title="bbox 99 1607 974 1716; baseline -0.001 -22"><span class='ocrx_word' id='word_1_74' title='bbox 99 1614 286 1716; x_wconf 81' lang='lat' dir='ltr'>praeceptis</span> <span class='ocrx_word' id='word_1_75' title='bbox 315 1610 483 1701; x_wconf 81' lang='lat' dir='ltr'>instituit,</span> <span class='ocrx_word' id='word_1_76' title='bbox 514 1607 755 1702; x_wconf 85' lang='lat' dir='ltr'>Timotheus,</span> <span class='ocrx_word' id='word_1_77' title='bbox 785 1626 823 1692; x_wconf 87' lang='lat' dir='ltr'>et</span> <span class='ocrx_word' id='word_1_78' title='bbox 843 1607 974 1705; x_wconf 81' lang='lat' dir='ltr'>Titua,</span> 
     </span>
    </p>
   </div>
   <div class='ocr_carea' id='block_1_5' title="bbox 88 1720 975 1829">
    <p class='ocr_par' dir='ltr' id='par_1_6' title="bbox 88 1720 975 1829">
     <span class='ocr_line' id='line_1_14' title="bbox 88 1720 975 1829; baseline -0.003 -24"><span class='ocrx_word' id='word_1_79' title='bbox 88 1728 181 1806; x_wconf 81' lang='lat' dir='ltr'>ribus</span> <span class='ocrx_word' id='word_1_80' title='bbox 220 1724 405 1829; x_wconf 82' lang='lat' dir='ltr'>epistolis,</span> <span class='ocrx_word' id='word_1_81' title='bbox 464 1736 508 1804; x_wconf 90' lang='lat' dir='ltr'>et</span> <span class='ocrx_word' id='word_1_82' title='bbox 543 1720 579 1801; x_wconf 87' lang='lat' dir='ltr'>S.</span> <span class='ocrx_word' id='word_1_83' title='bbox 601 1720 797 1803; x_wconf 85' lang='lat' dir='ltr'>loannea&#39;</span> <span class='ocrx_word' id='word_1_84' title='bbox 784 1749 823 1802; x_wconf 87' lang='lat' dir='ltr'>ru</span> <span class='ocrx_word' id='word_1_85' title='bbox 858 1724 975 1827; x_wconf 76' lang='lat' dir='ltr'>Aput.</span> 
     </span>
    </p>
   </div>
   <div class='ocr_carea' id='block_1_6' title="bbox 103 1822 1124 1939">
    <p class='ocr_par' dir='ltr' id='par_1_7' title="bbox 103 1822 1124 1939">
     <span class='ocr_line' id='line_1_15' title="bbox 103 1822 1124 1939; baseline -0.001 -21"><span class='ocrx_word' id='word_1_86' title='bbox 103 1822 254 1939; x_wconf 80' lang='lat' dir='ltr'>angelos</span> <span class='ocrx_word' id='word_1_87' title='bbox 288 1835 347 1913; x_wconf 90' lang='lat' dir='ltr'>seu</span> <span class='ocrx_word' id='word_1_88' title='bbox 377 1834 592 1936; x_wconf 83' lang='lat' dir='ltr'>episcopos,</span> <span class='ocrx_word' id='word_1_89' title='bbox 637 1828 725 1913; x_wconf 80' lang='lat' dir='ltr'>alios</span> <span class='ocrx_word' id='word_1_90' title='bbox 757 1850 878 1915; x_wconf 83' lang='lat' dir='ltr'>autem</span> <span class='ocrx_word' id='word_1_91' title='bbox 904 1840 976 1917; x_wconf 86' lang='lat' dir='ltr'>iam</span> <span class='ocrx_word' id='word_1_92' title='bbox 1121 1852 1124 1859; x_wconf 86' lang='lat'>&#39;</span> 
     </span>
    </p>
   </div>
   <div class='ocr_carea' id='block_1_7' title="bbox 101 1941 1018 2163">
    <p class='ocr_par' dir='ltr' id='par_1_8' title="bbox 101 1941 1018 2163">
     <span class='ocr_line' id='line_1_16' title="bbox 117 1941 1018 2052; baseline 0.001 -24"><span class='ocrx_word' id='word_1_93' title='bbox 117 1970 272 2029; x_wconf 86' lang='lat' dir='ltr'>numero</span> <span class='ocrx_word' id='word_1_94' title='bbox 303 1941 506 2047; x_wconf 80' lang='lat' dir='ltr'>suppeditat</span> <span class='ocrx_word' id='word_1_95' title='bbox 537 1945 680 2025; x_wconf 82' lang='lat' dir='ltr'>historia</span> <span class='ocrx_word' id='word_1_96' title='bbox 711 1944 798 2024; x_wconf 84' lang='lat' dir='ltr'>inde</span> <span class='ocrx_word' id='word_1_97' title='bbox 814 1950 860 2025; x_wconf 86' lang='lat' dir='ltr'>ab</span> <span class='ocrx_word' id='word_1_98' title='bbox 887 1972 979 2052; x_wconf 86' lang='lat' dir='ltr'>apo-</span> <span class='ocrx_word' id='word_1_99' title='bbox 1015 1942 1018 1947; x_wconf 41' lang='lat'><strong>⁴</strong></span> 
     </span>
     <span class='ocr_line' id='line_1_17' title="bbox 101 2053 978 2163; baseline 0 -23"><span class='ocrx_word' id='word_1_100' title='bbox 101 2057 368 2163; x_wconf 85' lang='lat' dir='ltr'>temporibusi</span> <span class='ocrx_word' id='word_1_101' title='bbox 364 2081 414 2135; x_wconf 89' lang='lat' dir='ltr'>ec.</span> <span class='ocrx_word' id='word_1_102' title='bbox 349 2053 468 2136; x_wconf 83' lang='lat' dir='ltr'>sl.</span> <span class='ocrx_word' id='word_1_103' title='bbox 497 2071 534 2136; x_wconf 92' lang='lat' dir='ltr'>et</span> <span class='ocrx_word' id='word_1_104' title='bbox 557 2054 600 2135; x_wconf 88' lang='lat' dir='ltr'>ll.</span> <span class='ocrx_word' id='word_1_105' title='bbox 615 2056 781 2159; x_wconf 60' lang='lat' dir='ltr'>¹quaudo</span> <span class='ocrx_word' id='word_1_106' title='bbox 812 2056 978 2145; x_wconf 72' lang='lat' dir='ltr'>Christo·</span> 
     </span>
    </p>
   </div>
   <div class='ocr_carea' id='block_1_8' title="bbox 88 2160 1134 2387">
    <p class='ocr_par' dir='ltr' id='par_1_9' title="bbox 88 2160 1134 2387">
     <span class='ocr_line' id='line_1_18' title="bbox 88 2160 1122 2271; baseline -0.008 -20"><span class='ocrx_word' id='word_1_107' title='bbox 88 2174 229 2253; x_wconf 82' lang='lat' dir='ltr'>riuum</span> <span class='ocrx_word' id='word_1_108' title='bbox 252 2166 443 2250; x_wconf 82' lang='lat' dir='ltr'>liccleiiam</span> <span class='ocrx_word' id='word_1_109' title='bbox 471 2167 686 2247; x_wconf 80' lang='lat' dir='ltr'>militantem</span> <span class='ocrx_word' id='word_1_110' title='bbox 713 2167 873 2251; x_wconf 83' lang='lat' dir='ltr'>dilatarit</span> <span class='ocrx_word' id='word_1_111' title='bbox 897 2194 977 2253; x_wconf 91' lang='lat' dir='ltr'>non</span> <span class='ocrx_word' id='word_1_112' title='bbox 997 2160 1003 2191; x_wconf 75' lang='lat'><strong>²</strong></span> <span class='ocrx_word' id='word_1_113' title='bbox 1066 2164 1122 2271; x_wconf 43' lang='grc' dir='ltr'>,κζ’</span> 
     </span>
     <span class='ocr_line' id='line_1_19' title="bbox 95 2278 1134 2387; baseline -0.008 -23"><span class='ocrx_word' id='word_1_114' title='bbox 95 2291 132 2364; x_wconf 89' lang='lat' dir='ltr'>in</span> <span class='ocrx_word' id='word_1_115' title='bbox 160 2282 336 2370; x_wconf 88' lang='lat' dir='ltr'>Oriente,</span> <span class='ocrx_word' id='word_1_116' title='bbox 369 2278 430 2360; x_wconf 88' lang='lat' dir='ltr'>ubi</span> <span class='ocrx_word' id='word_1_117' title='bbox 455 2283 636 2380; x_wconf 84' lang='lat' dir='ltr'>originem</span> <span class='ocrx_word' id='word_1_118' title='bbox 664 2280 762 2361; x_wconf 87' lang='lat' dir='ltr'>luam</span> <span class='ocrx_word' id='word_1_119' title='bbox 785 2286 923 2386; x_wconf 76' lang='lat' dir='ltr'>accepte</span> <span class='ocrx_word' id='word_1_120' title='bbox 940 2285 981 2387; x_wconf 90' lang='lat' dir='ltr'>in</span> <span class='ocrx_word' id='word_1_121' title='bbox 1085 2302 1134 2375; x_wconf 45' lang='grc' dir='ltr'>ῳ</span> 
     </span>
    </p>
   </div>
   <div class='ocr_carea' id='block_1_9' title="bbox 88 2388 982 2722">
    <p class='ocr_par' dir='ltr' id='par_1_10' title="bbox 88 2388 982 2722">
     <span class='ocr_line' id='line_1_20' title="bbox 88 2388 980 2496; baseline 0 -21"><span class='ocrx_word' id='word_1_122' title='bbox 88 2424 118 2476; x_wconf 82' lang='lat' dir='ltr'>ta</span> <span class='ocrx_word' id='word_1_123' title='bbox 146 2399 334 2495; x_wconf 83' lang='lat' dir='ltr'>vicinaque</span> <span class='ocrx_word' id='word_1_124' title='bbox 363 2394 480 2496; x_wconf 88' lang='lat' dir='ltr'>Syria,</span> <span class='ocrx_word' id='word_1_125' title='bbox 519 2393 705 2495; x_wconf 85' lang='lat' dir='ltr'>AEgypto,</span> <span class='ocrx_word' id='word_1_126' title='bbox 735 2388 811 2475; x_wconf 81' lang='lat' dir='ltr'>Alta</span> <span class='ocrx_word' id='word_1_127' title='bbox 836 2401 980 2475; x_wconf 80' lang='lat' dir='ltr'>minoto</span> 
     </span>
     <span class='ocr_line' id='line_1_21' title="bbox 91 2504 982 2606; baseline -0.001 -18"><span class='ocrx_word' id='word_1_128' title='bbox 91 2512 161 2598; x_wconf 83' lang='lat' dir='ltr'>cia,</span> <span class='ocrx_word' id='word_1_129' title='bbox 205 2531 330 2586; x_wconf 85' lang='lat' dir='ltr'>uerum</span> <span class='ocrx_word' id='word_1_130' title='bbox 357 2512 463 2584; x_wconf 89' lang='lat' dir='ltr'>etiam</span> <span class='ocrx_word' id='word_1_131' title='bbox 494 2508 530 2584; x_wconf 92' lang='lat' dir='ltr'>in</span> <span class='ocrx_word' id='word_1_132' title='bbox 551 2504 754 2606; x_wconf 84' lang='lat' dir='ltr'>longiffime</span> <span class='ocrx_word' id='word_1_133' title='bbox 777 2505 897 2586; x_wconf 87' lang='lat' dir='ltr'>dillitia</span> <span class='ocrx_word' id='word_1_134' title='bbox 918 2532 982 2587; x_wconf 88' lang='lat' dir='ltr'>oa·</span> 
     </span>
     <span class='ocr_line' id='line_1_22' title="bbox 88 2617 982 2722; baseline -0.002 -21"><span class='ocrx_word' id='word_1_135' title='bbox 88 2648 113 2701; x_wconf 85' lang='lat' dir='ltr'>u</span> <span class='ocrx_word' id='word_1_136' title='bbox 151 2617 431 2722; x_wconf 86' lang='lat' dir='ltr'>quaquaversum</span> <span class='ocrx_word' id='word_1_137' title='bbox 470 2640 535 2717; x_wconf 84' lang='lat' dir='ltr'>pet</span> <span class='ocrx_word' id='word_1_138' title='bbox 573 2620 703 2696; x_wconf 86' lang='lat' dir='ltr'>orbem</span> <span class='ocrx_word' id='word_1_139' title='bbox 738 2621 846 2696; x_wconf 87' lang='lat' dir='ltr'>etiam</span> <span class='ocrx_word' id='word_1_140' title='bbox 888 2620 982 2699; x_wconf 83' lang='lat' dir='ltr'>ultra</span> 
     </span>
    </p>
   </div>
   <div class='ocr_carea' id='block_1_10' title="bbox 88 2730 1106 2829">
    <p class='ocr_par' dir='ltr' id='par_1_11' title="bbox 88 2730 1106 2829">
     <span class='ocr_line' id='line_1_23' title="bbox 88 2730 1106 2829; baseline -0.008 -18"><span class='ocrx_word' id='word_1_141' title='bbox 88 2737 111 2812; x_wconf 82' lang='lat' dir='ltr'>ti</span> <span class='ocrx_word' id='word_1_142' title='bbox 135 2731 316 2811; x_wconf 86' lang='lat' dir='ltr'>latillimos</span> <span class='ocrx_word' id='word_1_143' title='bbox 343 2731 432 2806; x_wconf 86' lang='lat' dir='ltr'>lines</span> <span class='ocrx_word' id='word_1_144' title='bbox 455 2731 620 2828; x_wconf 81' lang='lat' dir='ltr'>imperii:</span> <span class='ocrx_word' id='word_1_145' title='bbox 661 2733 724 2829; x_wconf 91' lang='lat' dir='ltr'>qui</span> <span class='ocrx_word' id='word_1_146' title='bbox 746 2745 787 2807; x_wconf 93' lang='lat' dir='ltr'>ut</span> <span class='ocrx_word' id='word_1_147' title='bbox 811 2730 982 2829; x_wconf 87' lang='lat' dir='ltr'>paulatim</span> <span class='ocrx_word' id='word_1_148' title='bbox 1102 2796 1106 2803; x_wconf 89' lang='lat'><em>.</em></span> 
     </span>
    </p>
   </div>
   <div class='ocr_carea' id='block_1_11' title="bbox 88 2831 985 2934">
    <p class='ocr_par' dir='ltr' id='par_1_12' title="bbox 88 2831 985 2934">
     <span class='ocr_line' id='line_1_24' title="bbox 88 2831 985 2934; baseline -0.004 -10"><span class='ocrx_word' id='word_1_149' title='bbox 88 2847 267 2934; x_wconf 74' lang='lat' dir='ltr'>rebantur,</span> <span class='ocrx_word' id='word_1_150' title='bbox 297 2831 442 2920; x_wconf 87' lang='lat' dir='ltr'>termini</span> <span class='ocrx_word' id='word_1_151' title='bbox 461 2838 637 2918; x_wconf 85' lang='lat' dir='ltr'>christiani</span> <span class='ocrx_word' id='word_1_152' title='bbox 654 2841 752 2917; x_wconf 85' lang='lat' dir='ltr'>orbis</span> <span class='ocrx_word' id='word_1_153' title='bbox 769 2864 815 2917; x_wconf 85' lang='lat' dir='ltr'>ex</span> <span class='ocrx_word' id='word_1_154' title='bbox 834 2840 985 2920; x_wconf 85' lang='lat' dir='ltr'>aduerso</span> 
     </span>
    </p>
   </div>
   <div class='ocr_carea' id='block_1_12' title="bbox 88 2951 1121 3194">
    <p class='ocr_par' dir='ltr' id='par_1_13' title="bbox 88 2951 1121 3166">
     <span class='ocr_line' id='line_1_25' title="bbox 88 2951 1114 3055; baseline -0.027 -18"><span class='ocrx_word' id='word_1_155' title='bbox 88 2959 275 3045; x_wconf 75' lang='lat' dir='ltr'>ciebantur,</span> <span class='ocrx_word' id='word_1_156' title='bbox 292 2951 999 3055; x_wconf 52' lang='lat' dir='ltr'>amplificabanturque3lautorumprax&#39;</span> <span class='ocrx_word' id='word_1_157' title='bbox 1110 2966 1114 2977; x_wconf 91' lang='lat'><em>·</em></span> 
     </span>
     <span class='ocr_line' id='line_1_26' title="bbox 89 3064 1121 3194; baseline -0.022 -45"><span class='ocrx_word' id='word_1_158' title='bbox 89 3070 374 3148; x_wconf 85' lang='lat' dir='ltr'>onllltuebantut</span> <span class='ocrx_word' id='word_1_159' title='bbox 394 3067 549 3166; x_wconf 90' lang='lat' dir='ltr'>ubique,</span> <span class='ocrx_word' id='word_1_160' title='bbox 579 3067 618 3141; x_wconf 93' lang='lat' dir='ltr'>in</span> <span class='ocrx_word' id='word_1_161' title='bbox 647 3066 761 3194; x_wconf 79' lang='lat' dir='ltr'>iisque</span> <span class='ocrx_word' id='word_1_162' title='bbox 786 3064 988 3143; x_wconf 85' lang='lat' dir='ltr'>sacercon.</span> <span class='ocrx_word' id='word_1_163' title='bbox 1116 3064 1121 3113; x_wconf 83' lang='grc' dir='ltr'>ἰ</span> 
     </span>
    </p>
   </div>
   <div class='ocr_carea' id='block_1_13' title="bbox 88 3174 993 3708">
    <p class='ocr_par' dir='ltr' id='par_1_14' title="bbox 88 3174 993 3708">
     <span class='ocr_line' id='line_1_27' title="bbox 88 3174 991 3262; baseline -0.001 -2"><span class='ocrx_word' id='word_1_164' title='bbox 88 3207 125 3262; x_wconf 88' lang='lat' dir='ltr'>ac</span> <span class='ocrx_word' id='word_1_165' title='bbox 145 3180 241 3260; x_wconf 87' lang='lat' dir='ltr'>ordo</span> <span class='ocrx_word' id='word_1_166' title='bbox 262 3174 500 3255; x_wconf 85' lang='lat' dir='ltr'>hierarchicos</span> <span class='ocrx_word' id='word_1_167' title='bbox 519 3191 650 3256; x_wconf 91' lang='lat' dir='ltr'>tnutuo</span> <span class='ocrx_word' id='word_1_168' title='bbox 670 3178 764 3253; x_wconf 90' lang='lat' dir='ltr'>inter</span> <span class='ocrx_word' id='word_1_169' title='bbox 783 3174 818 3254; x_wconf 86' lang='lat' dir='ltr'>ie</span> <span class='ocrx_word' id='word_1_170' title='bbox 839 3176 991 3259; x_wconf 84' lang='lat' dir='ltr'>vinculo</span> 
     </span>
     <span class='ocr_line' id='line_1_28' title="bbox 89 3284 991 3411; baseline -0.004 -38"><span class='ocrx_word' id='word_1_171' title='bbox 89 3295 317 3372; x_wconf 88' lang='lat' dir='ltr'>ordinatione</span> <span class='ocrx_word' id='word_1_172' title='bbox 349 3288 540 3389; x_wconf 86' lang='lat' dir='ltr'>colligatus</span> <span class='ocrx_word' id='word_1_173' title='bbox 571 3308 643 3366; x_wconf 88' lang='lat' dir='ltr'>tam</span> <span class='ocrx_word' id='word_1_174' title='bbox 681 3284 885 3389; x_wconf 82' lang='lat' dir='ltr'>lingillatim</span> <span class='ocrx_word' id='word_1_175' title='bbox 922 3310 991 3411; x_wconf 78' lang='lat' dir='ltr'>pet</span> 
     </span>
     <span class='ocr_line' id='line_1_29' title="bbox 88 3396 993 3517; baseline -0.004 -32"><span class='ocrx_word' id='word_1_176' title='bbox 88 3432 150 3495; x_wconf 85' lang='lat' dir='ltr'>aa,</span> <span class='ocrx_word' id='word_1_177' title='bbox 192 3426 300 3507; x_wconf 88' lang='lat' dir='ltr'>quam</span> <span class='ocrx_word' id='word_1_178' title='bbox 329 3407 435 3479; x_wconf 86' lang='lat' dir='ltr'>etiam</span> <span class='ocrx_word' id='word_1_179' title='bbox 464 3396 656 3517; x_wconf 81' lang='lat' dir='ltr'>univerfim</span> <span class='ocrx_word' id='word_1_180' title='bbox 675 3423 740 3501; x_wconf 88' lang='lat' dir='ltr'>pet</span> <span class='ocrx_word' id='word_1_181' title='bbox 773 3404 903 3480; x_wconf 85' lang='lat' dir='ltr'>orbem</span> <span class='ocrx_word' id='word_1_182' title='bbox 931 3406 993 3481; x_wconf 82' lang='lat' dir='ltr'>ca-</span> 
     </span>
     <span class='ocr_line' id='line_1_30' title="bbox 88 3502 991 3615; baseline -0.006 -17"><span class='ocrx_word' id='word_1_183' title='bbox 88 3540 172 3598; x_wconf 83' lang='lat' dir='ltr'>rm.</span> <span class='ocrx_word' id='word_1_184' title='bbox 234 3517 295 3593; x_wconf 92' lang='lat' dir='ltr'>ubi</span> <span class='ocrx_word' id='word_1_185' title='bbox 335 3512 449 3591; x_wconf 86' lang='lat' dir='ltr'>statim</span> <span class='ocrx_word' id='word_1_186' title='bbox 488 3502 647 3615; x_wconf 84' lang='lat' dir='ltr'>primurn</span> <span class='ocrx_word' id='word_1_187' title='bbox 693 3514 785 3589; x_wconf 88' lang='lat' dir='ltr'>inter</span> <span class='ocrx_word' id='word_1_188' title='bbox 827 3514 991 3603; x_wconf 75' lang='lat' dir='ltr'>autloret</span> 
     </span>
     <span class='ocr_line' id='line_1_31' title="bbox 88 3620 993 3708; baseline -0.006 0.028"><span class='ocrx_word' id='word_1_189' title='bbox 88 3632 182 3708; x_wconf 85' lang='lat' dir='ltr'>licos</span> <span class='ocrx_word' id='word_1_190' title='bbox 218 3626 254 3706; x_wconf 91' lang='lat' dir='ltr'>S</span> <span class='ocrx_word' id='word_1_191' title='bbox 274 3625 500 3706; x_wconf 82' lang='lat' dir='ltr'>Clementem</span> <span class='ocrx_word' id='word_1_192' title='bbox 530 3623 738 3704; x_wconf 87' lang='lat' dir='ltr'>Romanum</span> <span class='ocrx_word' id='word_1_193' title='bbox 763 3620 849 3703; x_wconf 91' lang='lat' dir='ltr'>aD.</span> <span class='ocrx_word' id='word_1_194' title='bbox 879 3622 993 3705; x_wconf 89' lang='lat' dir='ltr'>Paulo</span> 
     </span>
    </p>
   </div>
   <div class='ocr_carea' id='block_1_14' title="bbox 87 3730 1104 4045">
    <p class='ocr_par' dir='ltr' id='par_1_15' title="bbox 87 3730 1104 4045">
     <span class='ocr_line' id='line_1_32' title="bbox 87 3730 994 3838; baseline -0.009 -15"><span class='ocrx_word' id='word_1_195' title='bbox 87 3743 257 3838; x_wconf 82' lang='lat' dir='ltr'>endatum</span> <span class='ocrx_word' id='word_1_196' title='bbox 276 3738 450 3820; x_wconf 79' lang='lat' dir='ltr'>habemus</span> <span class='ocrx_word' id='word_1_197' title='bbox 473 3734 563 3817; x_wconf 87' lang='lat' dir='ltr'>Phil.</span> <span class='ocrx_word' id='word_1_198' title='bbox 588 3730 654 3817; x_wconf 85' lang='lat' dir='ltr'>tv.</span> <span class='ocrx_word' id='word_1_199' title='bbox 680 3756 715 3828; x_wconf 78' lang='lat'>3.</span> <span class='ocrx_word' id='word_1_200' title='bbox 744 3758 832 3818; x_wconf 88' lang='lat' dir='ltr'>cum</span> <span class='ocrx_word' id='word_1_201' title='bbox 854 3739 994 3817; x_wconf 82' lang='lat' dir='ltr'>caeterir</span> 
     </span>
     <span class='ocr_line' id='line_1_33' title="bbox 419 3902 1104 4045; baseline -0.004 -39"><span class='ocrx_word' id='word_1_202' title='bbox 419 3902 422 3909; x_wconf 42' lang='lat'>¹</span> <span class='ocrx_word' id='word_1_203' title='bbox 791 3918 943 4007; x_wconf 81' lang='lat' dir='ltr'>coadiu-</span> <span class='ocrx_word' id='word_1_204' title='bbox 1099 4038 1104 4045; x_wconf 23' lang='grc' dir='ltr'>Ι</span> 
     </span>
    </p>
   </div>
   <div class='ocr_carea' id='block_1_15' title="bbox 0 0 1266 4958">
    <p class='ocr_par' dir='ltr' id='par_1_16' title="bbox 0 0 1266 4958">
     <span class='ocr_line' id='line_1_34' title="bbox 0 0 1266 4958; baseline 0 0"><span class='ocrx_word' id='word_1_205' title='bbox 0 0 1266 4958; x_wconf 95' lang='lat' dir='ltr'> </span> 
     </span>
    </p>
   </div>
  </div>
 </body>
</html>
