2506 4958
151 265 333 342 ‘regnum
359 234 489 331 christi
509 239 549 316 in
566 238 685 318 imis.
705 237 733 318 u.
754 232 943 323 xerrt‘
1004 257 1084 342 243
1177 257 1179 261 ’

47 468 71 505 ,,
101 409 203 485 litem
225 404 432 483 Romanum
458 426 637 502 occupas,
673 403 760 479 dum
789 407 817 482 is
840 403 1026 483 adversum
1048 408 1084 488 se
1224 468 1231 483 ,

46 580 71 618 ,‚
103 523 274 617 utrinque
299 516 508 614 praetendit.
553 518 590 591 in
616 515 736 590 medio
763 513 917 594 Romani
941 520 1085 618 imperii

46 691 72 728 „
103 632 179 709 finu
214 628 390 725 Iuthungi
423 626 693 727 populabuntur
729 625 890 716 Rhetias,
935 645 970 706 et
998 633 1085 711 idco
1207 724 1213 731 ¹

47 803 71 841 „
99 740 262 822 adversus
288 739 513 835 Iuthungum
536 736 692 815 Hunnus
717 743 848 816 accitus
873 741 931 817 est.
981 741 1084 824 idem

51 915 75 952 ‚,
107 876 248 941 tamen,
269 849 411 952 quiade
428 848 582 926 finitimo
600 852 804 949 proterebat
821 852 1083 946 Alemanniam,

50 1027 74 1064 „
106 982 141 1045 et
162 970 233 1043 ianr
253 964 299 1039 de
323 964 448 1038 vicinia
475 961 555 1037 mali
584 963 734 1060 urgebat
757 961 906 1049 Gallias.
938 959 1084 1045 c'oatiua
1230 969 1236 987 ⁴

51 1138 75 1175 „
107 1080 176 1165 eii,
208 1073 412 1174 triumphos
443 1072 523 1150 suos
555 1073 722 1149 deserere.
782 1073 920 1152 Contet
953 1078 1084 1157 utrius·

53 1249 77 1286 „
108 1214 177 1292 que
195 1188 337 1264 iattum.
396 1183 456 1263 Tu
477 1185 585 1262 fecisti
603 1183 769 1262 incursari
803 1183 975 1276 Rhetias,
1009 1186 1084 1268 Va.

54 1362 78 1397 „
108 1303 323 1379 lentinianus
347 1291 409 1373 suo
424 1299 488 1373 tibi
510 1321 597 1375 auro
615 1321 738 1397 pacem
757 1297 907 1376 redemit
926 1355 958 1392 „.
990 1299 1082 1382 Non

57 1416 109 1491 est
124 1415 181 1490 hic
196 1411 301 1488 locus
313 1467 323 1494 ‚
336 1411 639 1486 commentarium
661 1433 729 1509 pro
746 1400 949 1488 illustranda
970 1418 1084 1515 patrie

58 1527 203 1604 historia
230 1523 381 1599 scribere
408 1523 444 1597 in
473 1520 550 1599 haec
589 1521 621 1600 S.
647 1520 824 1599 Ambrofii
851 1525 967 1600 verba.

115 1678 162 1765 Ea
193 1701 311 1762 tamen
337 1680 373 1759 in
395 1677 606 1760 memoriam
642 1696 837 1772 revocant,
888 1709 968 1787 quae
1003 1686 1086 1769 sunt

57 1800 124 1879 sub
153 1795 406 1874 Valentiniano
436 1795 573 1871 seniore
593 1816 692 1889 curu
704 1795 931 1883 Alemannis,
961 1800 1005 1873 ab
1037 1821 1085 1879 eo

58 1911 104 1989 ad
130 1907 282 1988 Nicrum
316 1904 434 1992 cetis,
466 1905 562 1982 nese
592 1923 723 1983 mutuo
748 1906 916 2006 deinceps
942 1911 1088 1988 invade.

62 2036 167 2108 rent,
198 2019 366 2104 tratiata,
416 2019 547 2118 quibus
577 2017 895 2094 nonobstantibus
929 2015 1088 2100 Romani

63 2157 196 2213 eorum
226 2132 381 2208 ditiones
400 2128 628 2215 invadentes,
657 2124 790 2207 castella
811 2125 931 2230 pafflm
951 2136 1091 2212 extiru.

61 2259 196 2324 xerunt
212 2242 256 2319 ad
281 2236 459 2328 Nicrum,
490 2264 646 2343 quorum
670 2240 782 2317 hodie
806 2241 946 2341 vestigia
968 2243 1088 2345 super.
1190 2288 1206 2314 e

63 2359 170 2443 sunt,
213 2353 374 2455 quadam
402 2356 515 2429 'etiam
544 2355 723 2453 proximis·
755 2357 854 2430 annis
889 2364 1012 2434 recens
1042 2357 1089 2436 ad

64 2475 185 2547 vicum
210 2465 368 2566 Kungen
392 2467 428 2541 in
456 2463 744 2564 Wirtembergia
766 2465 910 2543 detetia.

150 2628 242 2716 Sed,
272 2641 313 2705 ut
329 2623 373 2703 ad
390 2650 457 2702 nos
483 2619 686 2711 redeamus,
719 2615 874 2703 Romani
899 2637 1093 2724 praterea}

66 2759 243 2840 corrupto
284 2738 395 2814 milite
432 2739 632 2837 principem
675 2741 828 2813 nationis
856 2738 1093 2822 'Alemanniae

66 2868 212 2953 captum
237 2851 472 2928 trucidarunt.
532 2846 645 2934 Hoc,
671 2864 707 2924 et
729 2849 945 2926 atrociorem
973 2853 1093 2930 adhuc

68 2966 316 3067 proditionem
356 2966 391 3037 in
433 2962 595 3037 Saxones·
626 2973 674 3035 ert
719 2954 888 3038 Cuniano
934 2963 1092 3042 referens

70 3077 329 3156 Tillemontius
346 3078 383 3159 n)
400 3073 536 3157 subdit,
569 3075 702 3149 mirum
721 3074 789 3147 iam
807 3071 918 3149 videri
934 3099 1009 3152 non
1034 3077 1095 3153 de.

70 3192 157 3265 bere
178 3184 256 3288 post
279 3200 412 3262 tantam
438 3184 713 3260 christianorum
732 3181 990 3283 imperatorum
1014 3213 1098 3288 per.

70 3301 209 3385 fidiam,
241 3296 364 3375 Deum
391 3294 508 3372 caium
530 3293 684 3372 Romani
709 3298 849 3394 imperii
881 3298 1096 3396 permiirffe,

73 3413 185 3510 iisque
204 3410 373 3508 gentibus
388 3408 476 3483 iilud
492 3404 686 3493 tradidiiie,
704 3405 865 3484 adversus
881 3411 966 3509 quas
982 3409 1097 3490 fraiiae

73 3523 155 3600 fidei
182 3520 357 3598 eiusmodi
376 3518 533 3595 facinora
555 3515 852 3616 defignaverant3
884 3522 1013 3620 quibua
1034 3548 1097 3625 par

75 3635 124 3711 est
143 3630 251 3709 scelus
273 3632 429 3708 eiusdem
456 3628 696 3707 Valentiniani
716 3633 751 3706 in
770 3628 966 3709 Gabinium
995 3635 1098 3730 Qra-
1173 3686 1174 3689 π

74 3747 207 3824 dorum
232 3764 386 3840 regem,
442 3741 488 3818 ad
524 3741 680 3818 mensam
707 3737 908 3842 proditorie
939 3747 1099 3825 occisum
1185 3730 1188 3742 ¹

76 3858 163 3936 teste
189 3857 394 3933 Ammiano,
448 3853 643 3932 Atrociore
667 3853 787 3934 adhuc
803 3853 948 3960 perfidia
968 3858 1101 3939 eodem

88 4034 92 4039 .
363 4056 366 4061 ¹
427 4016 431 4021 .
566 3964 661 4062 Qu
740 3965 743 3969 ’
961 3969 1047 4049 teste
1096 3988 1108 4015 ·

121 4104 155 4182 a)
171 4100 242 4168 init
263 4096 316 4168 dee
341 4099 420 4181 Erip.
438 4118 484 4164 an.
511 4114 577 4178 371.
