2506 4958
213 332 215 337 ‚
282 209 584 314 regnumdhristi
597 211 773 294 intents.
793 237 822 294 r.
839 210 923 296 Lis.
955 180 959 194 ⁵
1036 236 1119 315 2717

88 418 107 472 1,
135 399 205 457 nec
223 400 317 457 unua
340 379 377 454 in
394 374 544 456 Ecclesia
562 376 606 454 ad
629 391 772 478 tempus
799 375 982 468 sacerdot,
1011 381 1117 458 etad

88 506 278 590 ,tempus
308 487 418 566 iudex
450 490 528 566 vice
558 487 689 568 Christi
722 492 919 588 cogitatur.
985 490 1059 570 'Cui
1090 490 1116 568 si

88 600 113 697 ,'
135 602 333 681 secundum
360 600 558 700 magisteria
579 601 697 677 divina
713 601 978 700 obtemperaret
993 602 1117 680 stater.

88 769 107 809 ,
137 708 408 791 nitas-universa
421 760 441 801 ,
463 735 574 789 nemo
592 711 775 789 adversum
795 711 1017 791 sacerdotum
1037 714 1116 792 col-

88 880 109 920 ,,
135 826 273 924 legium
294 824 489 925 quidquam
511 839 693 901 moveret:
725 845 836 900 nemo
852 824 933 923 pou
951 816 1114 904 divinum

88 991 112 1034 ,
137 937 370 1017 iudicium...
387 936 561 1014 iudicium
588 935 708 1012 seiam
734 957 812 1010 non
838 935 1021 1036 episcopi,
1055 938 1115 1018 sed

88 1102 109 1144 .,
135 1047 207 1127 Dei
222 1048 369 1126 faceret:
398 1071 512 1124 nenio
525 1044 664 1123 dislidio
680 1048 823 1125 unitatis
840 1045 970 1125 Christi
994 1045 1117 1128 Eccle-

88 1214 108 1254 ‚,
138 1158 220 1237 iiam
237 1158 425 1237 scinderet:
448 1181 557 1236 nemo
570 1156 632 1235 fibi
646 1158 835 1258 placenter
855 1172 997 1237 tumens
1017 1159 1116 1246 seor·

88 1326 109 1366 ‚,
139 1267 1115 1357 fimsorishaerefimnovamconderet,nisrsiitaestali·

88 1438 109 1477 „
138 1377 216 1482 quir
236 1382 411 1481 sacrilege
437 1383 646 1459 temeritatis
662 1396 698 1458 et
713 1381 860 1494 perdita}
880 1386 1044 1473 mentis,
1073 1398 1116 1464 ut

88 1550 107 1591 „
135 1509 259 1597 putet,
279 1491 352 1571 siue
366 1492 438 1573 Dei
455 1493 591 1572 iudicio
610 1490 686 1570 fieri
705 1493 937 1572 sacerdotem.
950 1552 975 1588 „

167 1654 253 1735 Hoc
284 1677 394 1744 vero,
423 1654 524 1754 quod
544 1654 714 1732 divinitus
738 1653 904 1733 instituta
934 1657 1117 1758 potestati:
1222 1634 1226 1658 ⁸

88 1764 186 1847 sacrae
209 1767 414 1868 proditores
438 1765 643 1844 hierarchia
659 1763 722 1866 ipsi
741 1769 931 1852 tribuunt.
974 1771 1011 1846 in
1038 1773 1114 1847 eius

88 1878 249 1959 hostibus
272 1876 517 1967 consimilibus
544 1880 614 1954 ianr
642 1892 730 1956 tuuc
757 1901 824 1956 ceu
842 1877 1115 1958 novissimorum

88 2004 296 2091 temporum
320 1990 492 2069 iudicium
523 1988 557 2067 S.
576 1988 748 2089 Cypriani
773 1992 1119 2090 animumpetcuie·

88 2119 149 2181 tat.
206 2157 229 2195 „
246 2100 342 2181 Com
361 2101 457 2195 talis3
484 2100 631 2194 (subdit
650 2101 759 2202 pauso
785 2103 867 2200 post
882 2098 921 2190 o)
936 2106 975 2178 in
993 2103 1117 2201 eadem
1230 2122 1235 2127 ·

88 2266 108 2308 „
137 2213 181 2289 ad
216 2212 431 2292 Cornelium
462 2212 499 2291 Pss
529 2211 702 2314 seipsum
742 2213 952 2316 episcopum
987 2214 1119 2313 indigi-

88 2380 110 2419 „
138 2341 234 2412 tans.
264 2321 440 2427 epistoia)
475 2325 582 2403 frater
605 2323 821 2414 charissime,
862 2325 1116 2429 aquibusdam

88 2491 116 2532 ,,.
141 2437 352 2537 desperatis,
381 2452 417 2515 et
438 2439 606 2537 perditis,
637 2452 675 2514 et
694 2454 793 2515 extra
818 2436 1008 2516 Ecclesiam
1027 2462 1118 2517 con·

88 2603 111 2643 a
140 2550 268 2626 stitutis
290 2551 495 2647 impugnari
520 2547 704 2634 ridetur,
737 2566 906 2648 apparet,
944 2553 1024 2651 quis
1049 2555 1118 2627 im·

88 2715 109 2754 „
140 2675 289 2760 pugnet.
346 2658 437 2736 Non
463 2657 594 2735 scilicet
615 2657 800 2744 Christus,
836 2663 898 2757 qui
920 2660 1118 2739 sacerdotes

88 2826 113 2865 „
141 2788 203 2847 aut
226 2770 431 2854 constituit,
461 2783 521 2844 aut
539 2770 721 2868 protegit-3
749 2767 900 2859 sedisse,
931 2775 993 2873 qui
1011 2769 1118 2851 Chri-

92 2937 117 2975 „
145 2885 184 2958 sti
208 2881 449 2966 adversarior,
486 2893 523 2956 et
547 2877 708 2958 tenena
737 2883 932 2970 inimicus,
971 2882 1015 2959 ad
1047 2881 1120 2963 hoc

88 3049 113 3088 „
142 2989 303 3072 Eccsesrae
318 2990 544 3091 praeposrtum
562 2990 620 3069 sua
636 2990 862 3070 infestatione
877 2992 1120 3095 persequitur,

88 3162 112 3199 „
143 3123 182 3182 ut
207 3104 454 3203 gubernatore
484 3102 641 3189 sublato,
670 3106 828 3182 atrocius
855 3122 964 3206 atque
983 3106 1123 3183 violen.

89 3221 213 3311 „tius
249 3219 343 3293 eirca
373 3211 534 3293 Ecclesia
566 3214 747 3315 naufragia
782 3213 965 3315 grassetur.
1039 3216 1122 3295 Nec

91 3383 116 3420 „
145 3350 366 3430 quemquam
392 3326 534 3403 fidelem
559 3341 595 3402 et
616 3327 791 3424 evangelii
815 3352 1036 3417 mentorem,
1070 3345 1123 3407 at-

93 3495 119 3533 „
148 3463 219 3539 que
236 3439 387 3539 apostoli
414 3440 669 3538 praenroneutir
697 3439 860 3516 mandata
885 3442 1120 3545 retinentem,

94 3607 118 3644 „
147 3572 294 3627 movere
310 3550 433 3636 debet,
463 3548 572 3625 frater
589 3546 776 3636 carissime,
807 3549 979 3651 fiquidem
1000 3553 1036 3629 in
1057 3575 1124 3629 ex·
1237 3642 1239 3647 .

95 3717 119 3756 „
148 3660 270 3737 tremis
296 3661 521 3761 temporibus
548 3650 704 3761 superbi,
746 3676 781 3737 et
804 3678 1058 3751 contumaces,
1088 3677 1125 3742 et
1237 3650 1239 3665 ¹

96 3824 120 3868 „
150 3771 372 3850 sacerdotum
389 3770 611 3858 Deihosies,
632 3788 693 3851 aut
709 3771 912 3854 deE'ccsesra
931 3775 1123 3864 recedunt,

567 3899 592 3981 ὃ
623 3920 644 3994 3
959 3919 1073 4000 „aut

141 4004 175 4085 a)
198 4024 226 4087 p.
251 4013 321 4073 262·
937 4034 940 4039 ¹
