2506 4958
231 233 383 308 regnum
404 205 533 299 christ
548 211 589 289 in
604 210 725 290 terris.
740 231 769 293 u.
782 190 933 290 XCIII.
1050 219 1104 305 89
1175 142 1177 151 Ι
1219 284 1224 295 ,

64 383 148 452 ante
169 369 351 449 sessionem
370 368 519 453 XXlV.
545 370 741 474 Hispanus.
768 374 933 451 excitatis
960 369 1106 473 insuper

65 487 271 563 oratoribus
287 483 383 572 aliis,
403 501 615 585 opponente
629 485 751 585 legato
768 484 983 585 pontificio,
1001 486 1038 561 id
1054 482 1106 562 es·

66 597 101 676 se
131 594 376 697 probatissimo
414 599 527 674 tutius
567 598 790 698 antiquitatis
830 599 926 685 mori
962 613 1108 675 contra·
1158 672 1162 681 ,

68 713 187 795 tium,
211 732 290 808 quae
307 711 375 785 iam
395 707 494 784 solita
515 709 622 785 suerit
638 706 762 785 seculis
783 709 991 808 quindecim
1009 731 1108 811 quae·

69 822 203 899 stiones
227 840 262 896 et
284 819 404 896 causas
429 823 465 896 in
481 819 646 897 conciliis
667 820 833 899 decidere
858 844 934 899 non
955 843 1025 921 pro
1041 843 1106 904 na·

67 934 245 1018 tionum,
276 932 333 1012 sed
355 956 423 1032 pro
452 935 612 1033 capitum
640 955 804 1014 numero.

155 1154 196 1233 ln
216 1154 374 1232 concilio
396 1178 510 1256 porro
529 1154 750 1236 Tridentino
769 1151 940 1233 consulto
965 1156 1107 1233 evitatae

68 1267 150 1345 sunt
172 1259 448 1366 disceptationes
474 1266 519 1345 de
549 1266 796 1368 superioritate
822 1289 921 1368 papae
941 1267 995 1343 vel
1018 1290 1107 1344 con·
1201 1261 1204 1267 ’

67 1380 139 1458 cilii
169 1381 204 1456 in
230 1378 412 1458 schismate
440 1398 551 1467 narae,
583 1396 619 1456 et
647 1379 691 1456 ad
715 1379 868 1457 fovenda
894 1383 930 1455 in
955 1376 1108 1459 Ecclesia

68 1491 248 1569 schismata
280 1491 401 1586 fadae3
431 1514 541 1591 quarn
573 1493 806 1593 quaestionem
828 1490 890 1592 ipsr
918 1491 1012 1570 Galli
1036 1490 1107 1569 slu-

70 1602 167 1680 diose
197 1602 450 1681 declinabant:
481 1602 579 1680 unde
605 1601 688 1680 licet
709 1626 754 1679 ex
790 1603 915 1680 decem
948 1604 1107 1703 partibus

67 1711 214 1797 Patrum
236 1739 367 1793 novem
384 1713 576 1798 voluerint,
595 1713 800 1790 confirmari
819 1715 1003 1791 decretum
1018 1738 1109 1790 con·

66 1826 139 1908 cilii
169 1825 365 1902 Florentini
395 1824 441 1899 de
472 1825 649 1923 potestate
690 1823 872 1923 pontificis
897 1824 997 1920 supra
1028 1829 1109 1901 uni·

68 1936 238 2013 versalem
264 1933 472 2022 Eccleham,
491 1935 650 2036 synodus
667 1950 787 2011 tamen
807 1933 929 2010 umifit
946 1939 1107 2014 iteratam

68 2049 186 2124 facere
203 2047 477 2139 definitionem
496 2071 580 2124 cunr
599 2063 717 2123 tamen
736 2046 833 2124 nulla
852 2049 996 2146 gravius
1017 2069 1107 2145 ope·

69 2157 256 2258 russusque
269 2157 335 2236 else
346 2175 429 2234 ante
444 2157 626 2241 lethonem
644 2157 791 2236 XXlll.
807 2158 998 2259 disceptata
1011 2180 1109 2258 quae·

70 2273 162 2357 stio,
208 2295 314 2370 quam
348 2271 465 2348 divina
491 2271 699 2348 hierarchici
730 2272 867 2347 ordinis
899 2272 1105 2358 inllitutio,

69 2383 165 2459 card.
192 2380 421 2482 Lotharingo
437 2385 613 2480 imprimis
633 2382 791 2460 Ecclefiae
813 2382 1006 2465 Gallicanae
1028 2406 1109 2484 par-

70 2508 123 2571 tes
148 2512 300 2591 agente:
339 2499 402 2593 qui
437 2495 672 2572 nihilominus
696 2495 739 2570 ad
758 2494 867 2571 linem
886 2494 1032 2572 concilii
1053 2497 1109 2570 in·

69 2620 124 2685 tet
154 2608 428 2683 acclamationes
446 2606 633 2694 solennes,
657 2630 745 2707 quas
767 2606 839 2706 ipse
859 2611 1051 2706 concepit,
1073 2620 1110 2683 et

71 2741 140 2816 pro
161 2720 270 2792 veteri
289 2740 392 2791 more
408 2721 569 2813 praeivit.
596 2740 686 2793 mox
711 2720 747 2793 in
778 2720 893 2816 prima
909 2720 1112 2795 nominavit

73 2832 239 2927 beneque
260 2844 422 2924 precatus
450 2829 499 2902 est
524 2825 717 2924 Bentiffimo
740 2825 806 2903 Pio
821 2838 966 2925 pupaeet
980 2826 1108 2905 Domi·

71 2964 117 3015 110
147 2937 259 3026 nolito
279 2937 405 3033 sensis
435 2938 649 3037 anniversalis
683 2935 829 3034 Ecclessae
850 2938 1008 3038 posrtifici
1038 2940 1109 3018 &c

73 3055 175 3129 cuius
198 3052 360 3148 prosetto
388 3052 454 3147 piis
474 3051 792 3153 concordibusque
808 3075 894 3130 cum
920 3052 954 3129 S.
970 3051 1111 3131 Catulo

72 3161 156 3245 Bor.
179 3162 346 3261 susceptis
371 3161 589 3262 potissimum
615 3163 737 3241 studiis
761 3186 846 3242 cuna
873 3166 1009 3241 caeteris
1033 3161 1113 3241 hie·
1147 3244 1151 3252 ,

75 3276 209 3351 ratchis
234 3280 269 3349 in
300 3280 568 3352 communione
594 3276 774 3374 potestatis
804 3274 1041 3356 ecclesiasticae
1057 3276 1113 3351 in·

75 3400 129 3462 ter
150 3385 306 3462 sanamus
327 3385 480 3469 ecclesiae
507 3387 663 3487 pastores
688 3386 898 3488 pontificem
917 3402 953 3463 et
974 3386 1113 3487 episco-

75 3520 144 3597 pos
172 3502 206 3570 in
235 3503 389 3596 acceptis
408 3498 576 3576 ferendus
601 3499 651 3576 est
681 3497 791 3585 selix,
821 3498 1027 3598 faustusque
1052 3522 1114 3578 ce.

77 3605 308 3686 lebratiffimae
333 3611 438 3689 huius
467 3611 704 3691 oecumenica
739 3609 963 3692 Tridentinae
986 3610 1114 3716 synodi

76 3717 284 3828 progressus
307 3735 414 3828 atque
440 3725 559 3805 exitus
583 3719 880 3826 auspicatissimos.
1017 3744 1020 3751 ·
