2506 4958
275 231 426 308 regumn
446 201 577 298 illailla·
589 210 639 322 *aa
660 206 781 286 mair.
798 231 829 286 t.
853 206 971 290 XM
1073 225 1152 313 167

112 394 201 457 nes,
230 393 318 472 quas
348 372 459 451 hodie
492 393 617 451 coram
653 373 835 457 cernimus
866 371 961 462 inter
989 370 1151 457 summor

106 478 273 563 Ecclelrae
301 487 487 584 pastores,
518 480 728 584 pontificem
760 498 797 562 ot
824 484 1027 567 hierarchas
1057 486 1152 567 Ger.
1194 537 1201 546 -

111 600 240 677 maniae
258 597 481 697 exasperatas
508 594 745 681 acurialillis.
777 598 895 697 quiin
920 603 1020 678 curia
1034 613 1153 681 mcu-

108 709 247 790 rialillis
258 707 432 789 Romanis
450 722 603 808 carpunt
622 731 697 786 non
718 730 800 785 rato
825 711 1015 798 acer-rime.
1039 735 1081 790 ae
1095 737 1151 790 re·

109 819 363 920 prehendunt,
407 822 550 919 insuper
576 818 700 897 odiose
726 817 942 922 pontificum
975 838 1011 900 et
1039 828 1153 904 cutiae

108 929 303 1031 pontiliciae
326 931 412 1010 nen
425 932 517 1012 male
537 945 682 1010 vortunt
701 935 849 1034 quaeris,
874 956 918 1016 ac¹
936 933 1037 1025 talia,
1066 960 1150 1037 quae
1221 1013 1223 1017 ,

107 1067 128 1121 a
147 1041 337 1144 lemetiplis
358 1044 445 1143 laepe
467 1058 601 1145 patrata
621 1068 701 1121 non
721 1043 1021 1125 animadvertunt.
1071 1047 1149 1127 Ne·

109 1153 186 1232 icio
200 1179 306 1244 uero,
330 1179 376 1235 an
397 1154 506 1234 finani
527 1155 676 1237 merum
694 1179 861 1258 unquam·
875 1170 934 1235 tot
960 1181 1002 1238 as
1021 1175 1148 1251 tanta.

108 1284 246 1370 quanta
277 1293 352 1345 uno
382 1269 493 1347 ueluti
519 1267 665 1369 profusa
692 1266 804 1347 halitu
830 1268 915 1348 sunt
942 1272 1149 1351 accumula.

109 1392 145 1460 la
170 1404 189 1455 a
214 1380 484 1479 piuittatoribus
504 1383 619 1482 capita
643 1381 908 1470 commiseris,
949 1383 1001 1461 ad
1021 1383 1149 1465 distur-

110 1492 264 1570 bandam
282 1497 588 1573 communionem
609 1497 704 1571 inter
722 1493 882 1571 summos
907 1491 1067 1577 Ecclellae
1085 1520 1149 1598 pa·

108 1603 242 1691 liores,
267 1604 478 1705 pontificem
509 1620 545 1683 et
563 1605 755 1705 episcopos
783 1603 891 1684 linaul
915 1630 999 1684 cum
1032 1610 1149 1708 capite

107 1732 237 1792 centro
267 1721 412 1797 unitatis
439 1716 642 1815 collegium
671 1716 920 1815 apostolorum
949 1720 992 1795 iu
1017 1721 1148 1800 ordine

105 1824 331 1908 hierarchico
346 1824 507 1905 Ecclesiae
519 1827 702 1906 catholicas
717 1826 1023 1925 repraesentantes,
1040 1834 1147 1909 unio.

107 1961 155 2016 ue
179 1941 259 2025 illa,
290 1962 359 2039 pto
377 1963 446 2039 qua
467 1938 630 2017 Clttillus
648 1941 684 2015 in
704 1939 831 2016 ultima
848 1953 931 2016 ante
948 1939 1144 2040 pollionem

106 2055 274 2127 oratione
301 2053 442 2148 rogavit
458 2049 624 2128 Patrema
645 2060 686 2125 ut
696 2047 765 2143 lint
781 2072 901 2126 unmn.
961 2049 1148 2151 Elongant

106 2185 195 2239 uero
220 2163 272 2243 isti
300 2166 446 2240 enormi
467 2161 741 2263 punitationtun
765 2161 993 2241 adversarum.
1019 2189 1148 2242 nosne.

108 2298 152 2351 ro
167 2278 285 2373 spem,
298 2300 406 2376 qaum
421 2277 540 2354 bonus
554 2279 706 2376 quisque
720 2291 891 2381 tanquam
908 2291 1041 2354 certam
1056 2301 1148 2356 con-

106 2403 272 2488 ceperat,
290 2411 336 2466 ex
357 2404 506 2487 promta
519 2386 678 2487 iplorum
700 2387 1064 2468 aielrihlerarcharum
1079 2413 1146 2468 vo·
1225 2412 1234 2431 ⁸

106 2499 268 2586 hilarate.
318 2525 427 2602 qiram
448 2500 496 2579 ad·
520 2500 815 2580 conciliationem
838 2524 928 2581 com
949 2500 1147 2600 iede¹apo.

108 2612 230 2689 llolica
258 2611 425 2693 haetenus
453 2610 731 2710 paaeletulerunt
791 2610 888 2691 duur
911 2636 998 2689 reto
1023 2612 1145 2692 inEc·

107 2722 210 2804 clefia
237 2723 348 2802 unna
369 2722 697 2822 pleudopoliticum
719 2721 822 2800 illud:
854 2738 937 2822 pete
955 2727 1142 2824 iniquum,

107 2858 149 2915 ut
172 2837 335 2910 obtineas
359 2834 515 2919 iustum,
547 2833 653 2933 quod
668 2831 764 2910 forte
784 2837 821 2910 in
840 2849 961 2914 mente
978 2835 1143 2916 habitum

108 2947 348 3028 excusationis
374 2945 464 3025 loco
487 2935 660 3046 prlaetendi
682 2963 790 3048 queat
817 2947 1144 3048 apunilatoribus.

186 3109 337 3195 Putant,
358 3107 558 3187 illicauiam
577 3106 723 3187 luorum
736 3106 1000 3189 hierarcharum
1013 3131 1144 3209 agere.

108 3220 197 3304 dum
218 3236 344 3298 contra
370 3244 450 3296 eam
469 3216 682 3308 Ecclefiam.
712 3218 756 3297 ad
779 3244 910 3320 quam,
949 3221 1084 3301 iudicio
1105 3222 1143 3301 S.

107 3335 232 3416 irenaei
253 3332 330 3419 ul..
377 3356 485 3439 quem
513 3333 671 3432 primum
694 3333 731 3408 in
758 3332 864 3432 plaga
884 3330 1099 3417 Occidentis
1123 3357 1144 3413 a

110 3447 215 3520 nobis
236 3470 315 3523 non
335 3444 538 3522 admodum
551 3457 701 3527 remotas
718 3442 877 3524 scetem
887 3443 1142 3544 Lugdunenfis

109 3556 329 3638 hierarcham
366 3580 591 3644 reveremur,
631 3558 693 3657 qui
719 3556 924 3635 cathedram
953 3556 1050 3634 luant
1078 3559 1143 3636 suo

110 3670 284 3767 languine
312 3692 379 3769 pro
397 3668 543 3750 Christo
575 3668 818 3752 consecravit:
856 3669 1057 3768 adquam,
1087 3671 1143 3746 in-

111 3805 240 3883 quam,
257 3803 303 3855 ex
321 3780 491 3861 sententia
508 3780 614 3858 laudii
628 3784 792 3883 martyris
809 3797 846 3859 et
860 3779 1040 3881 pontilicis
1058 3805 1144 3881 pro-

112 3912 192 3997 pter
222 3894 395 3971 maiorem
426 3892 725 3996 principalitatem
752 3891 889 3975 necelle
912 3894 961 3973 eli
992 3916 1143 3970 omnem

614 4002 646 4082 L
675 4025 703 4099 4
896 4002 1088 4087 Ecclefiana
