2506 4958
286 230 438 309 regnum
455 202 586 299 Cirriii
601 209 642 285 in
658 202 779 287 terrie.
791 228 821 286 c.
836 202 942 286 LIX.
1049 229 1073 302 ς
1082 232 1130 308 ¹⁷

88 394 113 473 t,
143 375 322 456 exteriora
352 368 481 473 perse
513 368 636 449 sauciis
670 366 887 461 inferendo,
936 367 998 450 sed
1019 368 1131 473 {ignis

88 533 113 585 ι,
143 488 344 572 mendacii,
373 497 410 560 et
425 481 541 583 specie
560 483 768 583 religionis.
786 505 829 559 ec
843 484 1002 585 imagine
1017 489 1131 565 retio-

88 645 111 697 ·,
142 603 198 678 nis
213 596 459 677 fraudulenter
479 593 937 694 mundumxdecepturum.
965 613 1133 676 tormen·
1179 686 1182 691 ,

88 769 113 809 „
143 726 181 790 ta
204 734 291 789 vern
316 731 380 809 per
403 722 592 810 potentem
610 705 730 785 adhuc
749 704 813 785 fibi
833 705 982 786 ascitum
1003 710 1130 791 iendis

88 840 114 921 ‘,
141 828 418 905 intentaturum.
478 818 517 896 Si
542 819 606 918 qni
633 840 864 899 verounum
891 840 977 897 eum
1000 840 1132 921 poten.

88 993 113 1031 ‚,
146 950 240 1022 tem,
269 948 401 1035 utpote
428 928 681 1009 Romanorum
708 933 967 1031 imperatorem
998 934 1043 1009 ad
1059 935 1133 1017 hoc

88 1106 116 1145 „
142 1046 276 1127 adscire
296 1044 528 1124 contendunt
547 1096 558 1130 ,
613 1055 652 1119 et
676 1040 777 1121 hunc
799 1044 946 1121 bestiam
969 1042 1133 1139 ditium,

88 1218 117 1257 „
150 1183 227 1236 nnn
244 1158 449 1235 calumnior
464 1212 498 1250 „.
557 1151 695 1240 Vides,
722 1153 813 1254 quid
832 1156 882 1231 ob
905 1156 1136 1255 iniquitatem

88 1289 310 1371 temporum
333 1268 443 1345 dolor
473 1265 665 1346 extorserit
694 1267 760 1365 pio
784 1265 968 1346 sacrorum
991 1267 1145 1371 vpraeiuii.

88 1382 269 1465 Friderici
292 1380 317 1459 1.
348 1396 438 1458 tunc
458 1380 688 1482 imperatoris
713 1393 869 1480 patruo.
897 1378 996 1458 forte
1017 1381 1062 1458 ud
1086 1380 1140 1459 sa·

88 1497 252 1577 luterem
269 1496 302 1571 ei
325 1492 577 1571 incutiendum
599 1506 796 1577 terrorem,
826 1491 1143 1595 atqueconfigen.

88 1611 187 1689 dum
210 1609 344 1684 timore
363 1603 527 1683 Domini.
590 1603 685 1698 Quae
700 1603 748 1680 de
768 1605 845 1680 eine
861 1620 996 1704 nepote
1013 1605 1139 1687 Fride-

88 1725 179 1799 rico
200 1717 245 1798 11.
282 1716 537 1795 circumfertur
562 1714 688 1792 fabella
714 1715 865 1814 perinde
886 1739 929 1793 ec
951 1717 998 1796 de
1014 1716 1138 1799 Nero.

90 1859 148 1913 ne
164 1831 282 1908 adhuc
307 1829 509 1928 superstite.
549 1829 588 1903 iu
616 1824 723 1905 Fastis
749 1823 996 1928 Rudnlphiuie
1017 1834 1139 1913 codici

94 1943 240 2045 epistol.
263 1938 448 2040 Rudolphi
477 1938 502 2016 1.
520 1935 563 2016 R.
579 1937 621 2017 R.
646 1937 827 2038 praemiffis
841 1941 1077 2021 indicavimus
1101 1966 1138 2044 p.

99 2051 261 2136 CXLV.
278 2052 320 2128 de
337 2075 425 2149 qun,
455 2065 499 2129 ut
522 2048 740 2129 Volcmarus
754 2050 852 2150 apud
873 2049 1060 2134 Oeieiium
1079 2056 1143 2131 ed-

95 2165 253 2247 hucsee.
266 2162 374 2243 XIV.
390 2165 440 2241 eii
455 2164 619 2250 testatus,
639 2185 744 2260 uque
762 2172 801 2239 in
820 2162 1030 2241 hodiernum
1048 2166 1143 2243 diem

100 2275 290 2358 dubitatur
318 2272 499 2363 amultis,
528 2286 652 2354 utrum
683 2286 843 2356 mortuus
866 2273 910 2369 fit
926 2272 989 2413 vei
1008 2279 1141 2370 vinnm

100 2403 138 2470 et
157 2386 203 2480 eli
227 2386 367 2485 infinita
397 2390 583 2466 contentio.

187 2552 316 2632 Crevit
342 2550 507 2650 semper,
537 2566 580 2630 ut
599 2550 774 2637 vidimus,
815 2547 971 2631 succeisu
997 2564 1145 2654 tempo.

107 2669 155 2742 ris
178 2679 318 2742 certum
352 2662 506 2762 aliquem
538 2662 711 2740 statuendi
739 2664 859 2750 diem,
904 2678 940 2741 et
961 2668 1146 2743 conditio·

105 2799 193 2856 nem
214 2773 449 2860 Antichristi,
478 2797 520 2852 ac
539 2775 663 2853 iudicii
684 2778 841 2852 extremi
859 2789 1026 2877 tempus,
1055 2802 1145 2880 pru.

107 2892 202 2986 rigo.
264 2885 370 2966 Unde
410 2882 547 2963 necesse
579 2885 648 2964 fuit
675 2889 711 2963 in
744 2884 905 2965 concilio
934 2888 1146 2971 lateranum

108 3001 243 3080 ultimo
268 3022 342 3097 cap.
370 3019 429 3074 ιι.
461 2995 623 3096 Smernae
648 2994 861 3087 mnieiimis.
890 2997 929 3076 id
947 3005 1148 3081 concione.

108 3114 253 3192 toribus
279 3110 517 3204 interdicere;
550 3110 653 3212 quod
682 3129 827 3213 tempus
855 3110 945 3190 illud
965 3116 1148 3195 incertum

109 3225 218 3304 nobis
246 3218 316 3302 eise
346 3216 502 3300 voluerit
535 3222 655 3301 divine
690 3222 944 3324 providentie,
994 3224 1148 3325 perinde

110 3361 154 3414 ac
183 3341 310 3413 mortis
344 3348 609 3425 momentum,
653 3356 772 3436 neque
809 3335 1028 3415 constabunt
1060 3350 1151 3417 tunc

110 3449 324 3527 hominibus
357 3445 590 3535 Antichristi,
636 3445 784 3548 quando
817 3466 956 3537 erunt,
1003 3462 1151 3550 tempo-

112 3584 152 3638 re
173 3614 185 3648 ,
227 3583 295 3637 nec
315 3578 419 3638 certo
446 3558 585 3636 constet
604 3558 650 3635 de
667 3555 871 3638 indaeornm
891 3559 1149 3651 conuerfiune.

113 3696 191 3760 an,
225 3672 279 3747 vel
300 3672 450 3772 quando
477 3671 598 3749 futura
621 3667 663 3747 fit
683 3671 841 3748 anteve!
863 3672 944 3775 post
968 3673 1151 3751 Antichri-

114 3786 160 3864 sti
185 3777 424 3885 tyrannidem.
483 3781 661 3861 Posterius
689 3786 796 3861 etiem
826 3781 925 3864 Otto
946 3786 1067 3862 noster
1085 3785 1152 3862 sta·

115 3901 190 3977 tuit
213 3919 244 3975 e
267 3916 305 3992 7.
334 3951 356 3990 ‚,
371 3889 538 3978 Perculso
557 3893 752 4001 (inquit,)
779 3899 900 3998 impiae
918 3899 1075 3975 civitatis
1094 3920 1155 3976 ca·-

950 4063 975 4105 „
1001 4011 1096 4111 pite,
