2506 4958
294 169 447 328 νρὲνηηηι
466 221 597 316 Christi
611 228 653 305 in
666 226 786 307 terris.
802 247 831 305 c.
848 220 964 317 XLV.
1045 242 1154 330 ’16ς

191 393 285 473 Non
311 391 483 494 equidem
507 404 619 491 caput
654 389 804 491 aliquod
831 388 917 468 sidei
950 392 1049 493 apud
1076 418 1147 475 noe

108 511 146 584 in
176 506 371 586 Germania
399 507 612 603 attingitur:
658 524 778 603 neque
807 527 846 580 ea
868 507 993 583 omnia
1014 510 1053 581 in
1074 506 1147 586 sce·

109 643 194 696 nam
233 618 513 716 producuntur,
557 636 638 716 quae
669 638 799 703 nemo,
844 614 908 692 nisi
939 616 1146 699 samisiatiuu

108 730 205 809 ltalis
233 728 360 808 Romae
387 730 495 803 etiam
522 725 776 815 consueverit,
821 724 885 804 fibi
911 729 946 804 in
981 732 1146 811 animum

110 844 284 919 inducere
310 838 502 940 potuisset,
541 837 640 924 sore,
679 850 722 915 ut
746 840 785 914 in
808 839 879 937 ipsa
898 838 1017 928 ltalia,
1048 838 1146 922 haud

108 952 301 1055 proculab
328 953 417 1029 urbe
438 948 558 1029 Roma
585 949 668 1027 sede
690 949 887 1050 apostolica
918 955 1049 1031 iterum
1079 955 1148 1034 iro-

110 1067 170 1141 die
203 1080 460 1150 moverentur,
515 1084 597 1163 quar
626 1063 811 1160 superiore
838 1061 960 1140 seculo
991 1089 1068 1143 uon
1089 1069 1148 1147 so-

107 1177 186 1254 lum
213 1178 515 1254 communionem
538 1179 631 1251 iuter
656 1172 816 1253 summos
840 1170 1004 1254 Ecclesiae
1030 1179 1148 1277 pasiu-

109 1313 186 1374 res,
207 1312 332 1365 verum
352 1289 457 1365 etiarn
483 1284 590 1362 fidem
608 1280 718 1386 ipsam
733 1286 772 1362 in
792 1287 1049 1366 controversiis
1068 1292 1149 1372 lun-²

108 1401 274 1477 senisticis
306 1397 572 1477 concusserunt.
632 1397 736 1492 Quae
764 1419 854 1475 vero
882 1401 1147 1482 controversiae

108 1515 146 1588 in
163 1511 277 1590 Gallia
297 1514 391 1588 inter
414 1512 575 1590 summos
593 1510 796 1610 gaudemus
810 1507 973 1590 Ecclesia
989 1515 1147 1614 pasioree

107 1623 337 1724 consopitas,
369 1623 491 1699 videre
518 1623 624 1698 estin
652 1645 789 1720 magno
806 1619 984 1701 Hetruriae
1013 1626 1148 1706 ducatu

107 1751 288 1813 revocatas
312 1737 443 1812 iterum
466 1730 688 1821 efferbuisse,
714 1747 919 1811 commotas
940 1734 1150 1816 contentio-

107 1873 155 1924 ne
168 1849 253 1925 cseri
271 1844 456 1924 numerosi
475 1859 547 1919 tam
568 1844 732 1921 secularis
748 1867 856 1944 quam
872 1845 1064 1942 regularis,
1084 1873 1150 1928 an.

110 1959 228 2060 spiciis
259 1950 431 2055 principis
451 1958 669 2053 congregati
699 1956 736 2030 in
761 1954 903 2054 synodo
922 1954 1148 2038 Pistoiacenii

110 2094 197 2147 cum
215 2069 279 2145 suo
296 2067 490 2168 episcopo,
512 2070 635 2166 paucis
651 2066 728 2143 aliis
742 2065 1037 2156 colludentibus,
1058 2070 1149 2150 dum

110 2181 267 2281 reliquus
285 2177 393 2257 stasiae
412 2179 507 2256 ordo
531 2176 793 2267 hierarchicus,
822 2177 891 2256 leta
908 2202 1061 2282 quoque
1077 2200 1150 2262 nui

112 2297 269 2395 perrime
296 2291 467 2370 sententia
484 2303 610 2369 contra
635 2288 793 2370 Pistoiac.
815 2293 852 2368 in
871 2283 1054 2394 nequenir
1072 2316 1149 2373 me-

110 2405 247 2504 tropol.
267 2404 408 2504 synodo
424 2408 528 2504 regni
548 2402 735 2492 Sardiniae.
765 2403 947 2500 conspirat
967 2429 1052 2483 cum
1071 2404 1149 2484 hie·
1215 2454 1219 2465 ·

110 2518 243 2596 rarchis
264 2516 462 2602 Hetruriae‚
494 2519 617 2616 quiin
641 2533 827 2594 conventu
847 2513 1005 2596 Floreat
1029 2519 1148 2598 nubea

110 2632 184 2708 ilias
201 2627 444 2727 dispulerunt,
470 2643 511 2705 ut
529 2628 730 2727 speramus,
754 2639 1036 2728 averteruntque
1052 2628 1148 2708 soviu

109 2743 167 2821 iila
188 2740 355 2825 fulmina,
373 2738 488 2815 sedata
505 2741 733 2837 tempestate,
760 2762 832 2839 qua
851 2760 931 2836 pars
954 2739 1094 2817 adversa
1109 2743 1149 2820 in

111 2852 262 2931 turbido
279 2853 457 2949 remigare
479 2852 657 2938 tentabat,
675 2849 721 2926 ad
742 2850 1007 2929 disturbandam
1028 2855 1064 2929 in
1081 2851 1148 2931 Ec-

112 2964 222 3044 clesrae
243 2967 360 3062 capite
384 2966 686 3041 communionem
710 2962 891 3063 potestatis
913 2962 1166 3071 ecciesiasiicaeu

114 3083 208 3153 inter
232 3075 393 3153 summos
420 3071 581 3152 Ecclesia
597 3076 755 3174 pastores
779 3073 990 3174 pontificem
1011 3092 1046 3153 et
1071 3080 1148 3177 epi·

113 3190 254 3287 scopos.
314 3186 396 3265 Fuit
413 3202 448 3262 et
469 3190 506 3263 in
525 3186 624 3263 causa
646 3181 869 3264 Pisiuiacenfi
889 3184 1018 3265 efficax
1040 3187 1147 3267 Chri·
1176 3254 1179 3259 .

112 3303 154 3377 sti
172 3325 240 3399 pro
260 3298 429 3400 apostolis
444 3297 511 3375 suis
524 3297 662 3376 Patrem
681 3300 860 3397 rogantis:
878 3309 919 3374 ut
928 3297 1001 3389 sint
1013 3323 1147 3392 unum,
1193 3308 1202 3325 ‘

118 3416 259 3498 oratio,
290 3417 326 3487 in
345 3435 391 3487 eo
417 3433 588 3510 quoque.
619 3412 720 3512 quod
743 3412 837 3487 circa
860 3413 935 3488 iura
959 3412 1150 3490 hierarchi-

116 3547 157 3599 ca
178 3523 400 3600 summorum
427 3520 585 3600 Ecclefiae
604 3524 785 3623 pastorum
814 3521 994 3621 pontificis
1017 3539 1053 3602 et
1074 3526 1150 3625 epi-

117 3637 314 3732 scoporum
353 3633 423 3711 suit
457 3634 690 3734 disceptatum
738 3636 849 3711 variis·
868 3637 974 3711 etiam
1002 3633 1148 3715 Petrum

117 3751 155 3823 in
183 3760 367 3822 conventu
388 3744 598 3824 Florentino
622 3745 763 3832 studiis,
791 3744 1064 3848 archiepiscopo
1092 3747 1150 3826 Pi·

119 3858 204 3950 sano
230 3879 358 3934 eorum
381 3856 612 3945 sententiam,
641 3857 746 3961 quod
761 3857 1037 3961 dispensationes
1056 3859 1099 3939 R.
1111 3858 1149 3938 P.

577 4001 610 4084 L
641 4022 660 4095 3
909 4004 1098 4085 reservatas
