2506 4958
272 226 424 318 'regnum
443 215 573 308 chtisti
589 220 629 298 in
645 221 756 298 terrie
776 243 805 297 e.
826 214 941 300 xtt'.
966 292 974 306 ,
1057 238 1132 298 tat

105 379 235 469 clero,
271 402 312 459 ae
343 382 491 481 quidem
515 384 653 459 maiore
681 380 819 458 ordinis
843 379 1050 485 episcopalis
1078 381 1138 461 vix

104 517 183 571 non
199 495 322 579 omni,
366 493 478 591 longe
503 496 609 570 etiam
634 493 784 594 potione
817 509 917 593 parte
943 493 1138 572 academia·

105 629 213 692 rum,
256 604 341 684 cleti
370 606 455 682 item
487 621 560 682 tam
590 603 782 703 regulario,
839 626 947 703 quam
974 602 1138 684 secularia

105 719 144 794 in
164 715 289 794 Gallia.
350 715 390 793 ln
424 715 567 816 reliquis
597 738 686 793 veto
713 717 811 793 orbis
836 713 1008 795 catholici
1030 717 1139 816 parti-

104 829 175 906 bos
208 827 430 915 Germania,
472 825 682 926 Hungaria,
728 824 905 915 Polonia,
954 824 1137 916 Flandria,

107 939 248 1024 Sicilia,
279 938 464 1037 Hispania,
496 938 592 1023 ltalia
615 942 736 1016 omnia
761 951 834 1016 tant
860 936 975 1016 cleros
1003 941 1138 1031 maior,

106 1074 216 1151 qoam
238 1054 357 1126 minor
385 1050 543 1128 secularis
574 1068 610 1128 et
640 1049 839 1150 regularia,
895 1049 1073 1152 quidquid
1098 1047 1139 1129 fit

107 1163 154 1238 de
184 1163 366 1238 nonnullis
390 1161 623 1248 doiiotibus‚
671 1161 769 1240 ultro
801 1160 905 1239 bullae
938 1161 1139 1240 unam.

109 1297 182 1350 ‘roe
211 1275 358 1353 detulit:
400 1277 446 1350 ita
474 1292 534 1361 ut,
581 1271 838 1351 filiatueretur
866 1276 972 1353 etiam
996 1271 1141 1354 sallibile

106 1381 265 1462 Romani
292 1384 470 1484 pontilicis
494 1385 613 1485 perse
645 1386 845 1473 iudicium,
877 1384 960 1463 esset
987 1389 1055 1463 iam
1086 1389 1140 1461 in·

105 1496 253 1574 sallibiie
277 1497 448 1574 consensu
468 1494 629 1575 Ecclefiae
648 1521 712 1598 per
726 1499 853 1573 orbem
872 1497 1040 1598 dispersae.
1100 1495 1141 1574 ld

107 1609 209 1708 quod
232 1608 380 1685 dubium
400 1633 476 1686 non
500 1609 671 1709 relinquit
694 1609 739 1685 de
770 1607 897 1687 futoro
920 1611 1056 1688 iudicio
1075 1604 1141 1687 Eo·

106 1718 216 1797 clefiae
241 1723 277 1794 in
299 1721 460 1797 concilio
490 1718 650 1818 generali
662 1734 914 1823 ‘congregato

193 1879 308 1958 Silent
324 1878 439 1956 modo
456 1878 676 1980 appellantes
698 1878 742 1954 ad
765 1877 963 1962 concilium
983 1880 1142 1961 eiusnto·

105 1990 146 2070 di
174 1989 365 2090 generale,
394 1989 500 2072 huius
529 2013 599 2091 pto
617 2005 838 2093 ⁶temporum
871 1991 1142 2073 circumstantiit

106 2125 293 2181 aeterum
321 2100 587 2201 congregandae
608 2097 834 2181 difficultates
864 2101 1139 2203 perspicientes,

106 2237 177 2290 nec
196 2215 326 2291 mutire
341 2213 513 2292 audentes
530 2214 610 2313 post
630 2212 830 2291 solemnem
841 2213 991 2302 atium,
1029 2237 1141 2319 quem
1203 2246 1207 2258 ¹

108 2320 252 2412 Iustitia
276 2339 434 2413 vocant,
479 2349 600 2425 arege
618 2350 663 2408 an
691 2335 806 2418 1756.
839 2346 908 2427 pro
934 2326 1143 2424 receptione

107 2436 213 2514 bullae
237 2435 446 2536 susceptum.
506 2436 573 2536 lpst
597 2442 702 2516 etiam
730 2435 952 2525 Ulttaieiilni
979 2436 1139 2516 schisma.

110 2549 172 2631 tici
198 2551 236 2624 in
256 2545 381 2648 Belgio
413 2555 521 2647 (quo
539 2547 758 2642 Quesnellus
784 2546 964 2626 Bruxellis
991 2548 1144 2648 dilapsus

107 2682 277 2747 carcere,
307 2663 365 2737 cui
395 2658 485 2736 iullu
513 2657 770 2759 archiepiscopi
800 2657 1065 2740 Mechlinienlis
1088 2663 1143 2736 in·

110 2770 226 2849 clusus
245 2769 381 2855 suerat.
410 2769 573 2868 aufugit,
603 2795 658 2845 an.
686 2767 1145 2862 1719.mortuus)unio.

110 2905 195 2964 nem
226 2878 459 2962 desiderantes
494 2903 576 2957 cum
610 2876 761 2964 Ecclesia
793 2878 1145 2967 Romano-catholi-

111 3016 175 3080 ca,
207 3016 290 3095 erga
317 2992 447 3068 sacram
473 2991 590 3068 sedem
621 2995 657 3068 in
682 2991 863 3093 plerisque
892 2995 1068 3093 aequiotes
1092 3018 1147 3067 re·

112 3109 412 3204 attentioresque
439 3103 529 3181 sunt.
588 3101 790 3184 Febroniua
819 3121 940 3185 autem
970 3127 1053 3183 cum
1078 3102 1146 3183 lar·

112 3232 215 3294 vatus
242 3215 359 3298 adhuc
376 3214 638 3296 Ultraieslinam
663 3214 813 3296 illorum
841 3213 1145 3299 schismaticorum

113 3328 291 3429 synodum
315 3332 398 3403 anni
426 3339 541 3421 1763.
569 3351 686 3429 neque
711 3328 910 3428 approbat,
941 3351 1058 3428 neque
1081 3329 1149 3404 im·

115 3438 264 3538 probat,
309 3442 345 3516 in
369 3444 633 3524 commentatio
659 3438 723 3517 suo
754 3437 907 3517 insuam
933 3439 1150 3522 rettaiiatio-

115 3573 200 3626 nem
227 3550 325 3626 aliter
350 3549 471 3638 sentit,
510 3553 832 3660 constitutiooiqoe
859 3549 1146 3641 tineamus,

118 3677 159 3738 ut
180 3660 390 3759 dogmatico
416 3661 537 3741 sansiae
572 3663 661 3743 sedis
690 3677 727 3745 et
758 3661 960 3746 universalis
989 3659 1157 3747 Ecclefiae·

117 3772 288 3860 decreto,
319 3773 443 3856 delent,
472 3772 513 3867 a)
582 3801 584 3805 ·

595 3878 687 3981 Ha
942 3884 1091 3971 Utinam

160 4010 589 4094 ·)eoot.xxv1.p.eea,
695 4082 698 4089 ,
