2506 4958
278 237 428 319 regnam
460 217 589 309 catat
615 222 662 301 in,
684 221 802 298 terris·
834 231 862 297 t.
892 219 998 300 Vlla
1115 242 1165 315 29

120 384 306 461 ‘alienatio
333 406 382 460 ex
410 378 444 462 S.
470 381 627 461 Barnaba
654 382 771 459 datam
802 378 952 484 accipit,
984 396 1025 462 ut
1043 380 1102 462 ille·
1121 384 1173 464 ab

139 496 317 573 Sabbatum
347 495 452 594 regnl
476 495 607 574 Christi
642 496 680 569 in
705 494 773 572 hac
798 509 915 583 terra,
959 493 1084 572 hinad
1114 500 1167 574 vi·

138 623 197 683 tarn
221 624 392 684 aeternaan
414 608 451 697 in
473 605 577 684 coelis
593 608 779 706 pertineat.
837 599 1039 684 Germanus
1064 604 1164 687 Con.

137 719 465 817 lantiuopolitanur
484 709 690 819 Hippolyto
720 717 871 806 tribuit,
895 715 979 817 sare
1001 740 1093 797 anna
1107 720 1167 820 [6-

137 833 201 906 xr'es
230 824 403 924 millassma
432 827 702 926 qaingaarefirno
736 844 813 905 eum
841 831 1061 920 adventum.
1105 837 1167 928 qui

137 937 272 1043 saturus
299 934 373 1034 es,
416 957 457 1019 ut
478 941 523 1017 ad
548 944 879 1040 interpretationem
910 941 1072 1021 Danielis
1105 946 1164 1021 ad.

138 1068 280 1131 notatur.
315 1052 539 1133 Germanum
557 1057 593 1129 in
610 1054 760 1153 mystica
778 1052 937 1131 Theoria
957 1046 1166 1161 Hippolyto

138 1170 273 1263 iungere
316 1163 496 1264 Cyrillunr
537 1175 573 1243 et
613 1161 953 1263 chrysostomum:
993 1162 1168 1271 ⁸Veteres

138 1280 253 1364 raim.
290 1277 462 1365 additur,
500 1272 643 1376 sextum
674 1280 709 1352 66
727 1276 919 1375 septimum
953 1274 1167 1377 assumebant

138 1382 382 1476 millenarium,
414 1399 455 1464 66
479 1404 601 1465 rerum
617 1376 704 1487 sais
728 1391 833 1465 initia
856 1387 1099 1490 responderet.
1122 1393 1165 1468 da

139 1523 193 1594 aaa
222 1497 403 1595 legimus:
457 1491 725 1602 complevitque
763 1499 867 1579 Deua
909 1492 969 1579 die
1010 1501 1165 1635 septimo

142 1631 222 1710 opus
247 1611 358 1689 suurn
416 1606 475 1689 Sic
507 1614 542 1688 S.
566 1608 738 1690 Barnabas
766 1614 864 1690 etS
893 1602 1046 1692 lrenaeua
1073 1620 1167 1692 acci·

141 1723 244 1820 piendi
266 1723 376 1811 sunt,
415 1721 577 1823 quando
589 1721 715 1803 dicunt
745 1729 868 1805 omnia
904 1725 1165 1806 consurnmalle

88 1856 90 1879 ¹
141 1830 328 1912 Dominum
356 1829 480 1912 Deum
516 1838 552 1911 in
587 1835 647 1912 lex
676 1829 833 1914 millibus
861 1853 1074 1925 annorum,
1122 1852 1164 1916 ut

142 1940 322 2024 luculenter
343 1965 418 2023 tem
435 1941 549 2023 modo
567 1961 789 2024 memoratur
806 1941 1062 2045 SGregoriua
1080 1949 1165 2027 Nisa

144 2055 236 2136 lanus
253 2055 512 2159 expolitione
501 2080 539 2135 an
554 2057 718 2159 ρ661666.
740 2058 917 2156 explicat:
943 2059 1029 2134 Cam
1048 2063 1162 2150 enim,

92 2236 95 2243 .
145 2171 197 2256 ait,
218 2166 310 2247 Deus
334 2170 521 2258 66666666,
552 2174 587 2245 66
606 2173 743 2257 amnia,
768 2187 842 2266 qua
864 2173 904 2245 in
922 2192 959 2247 66
968 2169 1077 2269 [666,
1092 2169 1164 2269 sex

93 2328 96 2341 .
146 2271 205 2355 dieb
206 2304 242 2356 us
267 2269 429 2380 arrosit,
457 2291 491 2357 66
509 2281 658 2380 septima
689 2305 775 2378 requ
776 2269 934 2382 ieoiffirlt
957 2277 1074 2380 fitque
1095 2299 1178 2382 per*

92 2402 96 2469 ζ
146 2413 212 2467 6666
213 2385 378 2469 bacrionem
410 2391 691 2491 seplirrrattarum
728 2399 847 2471 omnia
884 2396 1073 2471 decarranr
1105 2394 1164 2492 usa

93 2526 98 2585 ;·
147 2499 260 2594 aaran
282 2507 406 2581 iuditii
433 2504 523 2582 dieat
543 2562 553 2593 ,
572 2504 681 2602 suita
710 2504 837 2582 ultima
851 2497 1050 2604 septimana
1071 2513 1162 2584 orie-

147 2622 193 2687 666·
220 2617 359 2693 abavus
382 2613 453 2694 dier
483 2621 521 2692 66
538 2636 650 2693 aarum
673 2616 883 2709 mansurus,
905 2615 981 2712 fine
1005 2619 1073 2693 ulla
1092 2622 1163 2694 die-

148 2738 210 2800 ram
234 2743 318 2804 retro
321 2725 484 2816 latione,
514 2724 582 2817 bar
602 2720 671 2804 alla
696 2731 804 2804 nuliis
831 2739 864 2804 66
888 2718 974 2806 lucis
1000 2727 1165 2824 viciffitu.

148 2829 216 2913 liar.
273 2837 470 2919 Obscurius
505 2836 548 2916 de
575 2840 731 2918 Sabbata
756 2837 850 2926 isto,
897 2860 938 2915 ac
972 2839 1165 2939 complexe

146 2944 169 3022 S.
195 2948 483 3052 Hieronymus
476 2975 511 3026 rn
538 2954 633 3060 epill.
665 2951 969 3050 adCyprianutia:
996 2942 1088 3046 Ego,
1110 2954 1168 3026 in-

146 3067 226 3155 quit,
257 3063 418 3140 arbitror
446 3086 491 3138 ex
516 3065 577 3138 boc
593 3062 688 3149 6666,
709 3071 742 3140 66
757 3076 803 3140 ere
824 3052 942 3160 abillo!
940 3081 987 3147 66,
1013 3082 1086 3157 qua
1104 3083 1166 3136 na-

145 3175 216 3248 ariae
244 3171 356 3257 Petri
381 3171 526 3273 Apostoll
558 3163 792 3272 inscribitur,
838 3168 930 3250 mille
963 3189 1072 3249 aanor
1096 3186 1165 3268 pro

98 3370 101 3377 y
144 3294 197 3359 666
217 3289 273 3361 dit
290 3277 413 3383 solitar
439 3279 628 3383 appellari.
668 3299 707 3367 66
721 3283 794 3386 scil
789 3290 901 3418 6666,
908 3288 990 3381 qraia
1015 3283 1165 3360 mandas·

144 3392 169 3466 ia
186 3389 250 3492 sax
274 3397 392 3474 diebus
414 3391 517 3495 sobri
518 3413 613 3473 catut
636 3395 702 3486 ab,
725 3399 794 3496 seat
813 3396 964 3472 millibus
987 3414 1163 3472 annorum

94 3500 102 3517 '
143 3511 260 3584 6666666
280 3511 398 3585 credat
384 3518 446 3583 tar
471 3499 732 3606 [6666116666
699 3520 732 3585 ar
756 3505 870 3606 pallea
898 3511 1023 3583 uenire
1048 3509 1163 3606 septa-

142 3620 266 3696 6666666
299 3639 504 3705 6666666666,
535 3632 569 3696 66
598 3621 840 3706 6666666666,
886 3624 925 3694 irr
960 3640 1163 3714 artaverat

142 3744 304 3808 exercetur
333 3728 600 3832 sabbatismus,
659 3745 693 3808 66
724 3730 990 3822 circumcisionis
1021 3735 1161 3827 puritas

140 3842 288 3922 66666666.
351 3837 505 3923 Videtur
532 3843 591 3922 laic
624 3846 897 3925 relur'etllonem
918 3847 1033 3921 carnis
1057 3841 1163 3941 respi-

888 4050 891 4056 ’
1029 4059 1109 4111 cele
