2506 4958
220 240 370 314 regnum
391 208 575 308 cornito
591 206 711 295 terris.
733 240 761 292 r.
780 203 896 294 XLV.
1014 204 1089 312 rr'3

58 378 175 481 differre
208 405 263 457 me
280 375 434 477 ferituri
465 377 509 455 ub
534 400 582 455 eo.
647 376 703 455 Tu
728 400 812 455 uero
835 377 940 455 domn
963 384 1091 459 unonr'·

56 497 143 570 mis:
171 493 247 570 dux
269 515 386 578 meus,
418 502 451 565 et
471 503 575 565 nutus
602 511 717 566 meus:
748 488 820 593 Qui
836 488 942 579 dente!
955 514 1091 572 mecum
1175 476 1179 495 ’

54 604 168 682 ‹iuices
197 602 353 695 cupiebas
383 600 498 681 cidus:
544 605 590 679 in·
610 600 710 699 domo
738 600 809 679 Dei
829 600 1093 687 ambulavimus

55 741 135 794 cum
164 712 335 813 consensu.
788 710 792 715 ’

141 877 198 955 Est
216 877 288 953 hoc
311 875 513 954 inauditum
538 876 777 953 anterioribus
793 878 1021 975 temporibus
1038 879 1093 961 ia·

56 994 158 1068 cinus
179 990 285 1066 huius
307 987 432 1074 loculi,
464 986 649 1085 scelusque
671 990 704 1062 in
732 991 825 1086 pium
852 1006 1000 1069 matrem
1027 989 1094 1072 Ec·

55 1102 217 1188 cleirano,
249 1118 288 1177 ut
318 1109 545 1199 qoaecunque
570 1104 646 1174 eius
672 1100 792 1175 hostes
820 1119 1093 1195 evomuerunt.

58 1220 127 1290 ianr
157 1214 244 1300 iint,
276 1214 337 1313 qui
363 1229 564 1312 recoquunt
588 1234 633 1287 ex
665 1212 797 1289 ordine
823 1214 931 1291 etiarn
950 1216 1093 1294 ecciena
1235 1220 1239 1231 '

56 1329 190 1412 attico,
221 1342 256 1400 et
283 1322 470 1421 religioso,
504 1340 543 1400 ut
575 1322 679 1422 poffrt
705 1324 845 1402 dicere:
863 1323 939 1420 filii
964 1332 1095 1407 matris

56 1463 155 1525 mee,
197 1447 450 1534 pugnaverunt
477 1446 602 1512 contro
627 1454 692 1514 mr.
750 1434 891 1514 Totum
916 1438 1095 1541 sapientiae

60 1552 212 1626 studium
230 1552 379 1648 ponitur·
397 1550 434 1623 in
455 1546 713 1634 maledicendi,
743 1548 985 1648 carpendique
1007 1577 1098 1652 pru..

58 1666 148 1747 ritu,
181 1661 303 1736 invido
327 1656 579 1758 proscindendi
601 1658 730 1743 dente,
762 1658 969 1750 insidiandi,
1000 1664 1097 1743 inin.

59 1775 224 1874 audique.
285 1770 420 1845 Volunt
441 1770 600 1866 undique
623 1769 889 1856 schediasmate,
919 1773 1096 1854 clamores

59 1890 226 1983 ingentes
249 1878 519 1979 scriptiunculas
541 1878 749 1977 proletarius
771 1879 926 1978 repient,
955 1888 993 1958 in
1016 1886 1098 1962 rol.

59 2022 128 2095 gns
155 1993 300 2093 iperius,
339 1994 465 2067 orbern
490 2012 531 2064 ae
559 1987 771 2082 Ecclesrun13
815 1991 1098 2077 ecclesrasticaet

60 2106 327 2191 ecclesiasticos,
373 2098 559 2200 religiosos
586 2121 622 2177 et
652 2100 813 2200 religiosa
845 2102 1095 2204 profliganda,

61 2215 312 2294 exscindenda.
374 2213 427 2291 Ad
459 2214 534 2290 hoec
559 2215 628 2290 ianr
656 2213 730 2289 iere
759 2214 925 2292 recidunt
947 2218 1098 2316 praeserr·

62 2335 106 2406 tis
136 2332 200 2406 aevi
228 2328 357 2413 studia,
387 2351 429 2402 uc
450 2325 661 2404 eruditionis
682 2326 774 2403 faunu
797 2326 1000 2404 dictatoria:
1032 2355 1099 2408 vo.

63 2444 99 2518 lo
120 2443 210 2528 hoc,
242 2441 331 2514 nolo
351 2438 472 2526 huuc,
506 2462 622 2539 nego,
643 2460 825 2539 pernego,
845 2460 942 2538 nego
961 2455 1096 2524 totomt

63 2556 162 2653 quod
182 2553 373 2648 vulgariter
390 2552 561 2635 dicimus,
593 2575 706 2626 unum
733 2550 877 2627 riulturrr
902 2550 1000 2650 poise
1015 2555 1096 2653 plut

62 2690 215 2763 negare,
249 2686 356 2760 quum
378 2680 523 2736 centurn
547 2663 720 2760 sapientes
748 2667 911 2760 probare.
971 2664 1011 2742 ln
1030 2667 1098 2745 hac

60 2776 216 2875 gloriola
234 2775 351 2850 laurea
371 2774 469 2848 velut
491 2775 526 2846 in
549 2774 728 2847 mustaceo
752 2776 943 2870 quaeritur:
974 2776 1096 2877 ssquio

64 2890 229 2965 inculeare
251 2885 406 2984 pollent,
436 2883 576 2982 quidvis
601 2888 636 2959 iu
663 2883 814 2960 dubium
843 2887 994 2963 vocandi
1005 2935 1015 2975 r
1047 2891 1121 2964 vir

65 3000 275 3099 tuperuodi‚
308 2993 491 3071 cachinnis
511 3012 547 3073 et
568 2995 727 3072 ludibrio
753 3019 807 3072 ree
833 3000 937 3074 etiarn
962 2999 1102 3085 tandin,

65 3115 165 3187 {iuras
199 3109 432 3207 excipiendi,
481 3107 773 3207 exponendique
833 3108 887 3187 Ad
914 3110 987 3187 hoc
1013 3112 1099 3191 huid

63 3224 190 3301 Cirunri
211 3223 398 3325 progeniei
429 3236 638 3319 opportuno
674 3224 753 3295 inot
786 3221 1100 3309 infenfiffrnrorunt

63 3333 219 3412 Ecetenae
244 3333 399 3409 hostium
429 3334 585 3429 viperina
606 3332 695 3406 dieta
711 3346 747 3406 et
765 3332 911 3431 scriptu,
944 3356 1024 3434 qnae
1045 3360 1099 3411 re·

68 3463 258 3545 petuntur,
292 3443 532 3529 recuderetur,
563 3460 599 3518 et
616 3446 795 3520 continuo
815 3447 1099 3544 ingeminantur·

67 3559 126 3636 Art
148 3558 338 3654 quomodo
360 3553 404 3631 fic
425 3554 487 3629 irbi
508 3554 647 3631 condet
674 3554 756 3638 ille,
789 3559 849 3655 qui
867 3560 1097 3656 appingitur.

67 3665 320 3765 uffirrgiturque
341 3668 466 3743 color:
498 3684 537 3742 ut
557 3666 715 3742 resecatis
735 3662 801 3743 iilis
818 3667 862 3742 ad
880 3673 1000 3745 rivum
1018 3690 1099 3747 orn-

68 3782 199 3863 nibus,
244 3802 323 3876 quo
355 3778 570 3855 constitutos
601 3795 699 3853 eutru
729 3774 945 3867 Eccleiium,
991 3784 1098 3860 naevie

68 3890 262 3991 equidem,
296 3904 335 3966 ut
359 3889 437 3967 sont
465 3913 520 3968 rer
546 3889 736 3981 ,humanm
776 3888 848 3971 iuis
873 3890 968 3971 haud
997 3884 1121 3972 desti-³

68 4003 173 4081 Tou.
209 4000 252 4080 ii.
589 3998 626 4081 H
905 4019 1043 4096 tutum.
