2512 4620
301 245 451 323 regmrm
469 190 902 313 dissentiendum.
1052 247 1134 327 ata.

101 391 141 467 in
165 387 273 467 rebus
294 383 407 476 fidu,
444 386 617 467 iudicium
641 386 863 476 serendum.
891 389 950 467 cui
972 394 1131 469 omniuo

99 498 144 579 sit
176 498 425 577 deferendum.
481 498 537 587 At
566 501 675 599 primi
703 516 903 578 novatores
933 500 1014 579 freti
1043 517 1133 583 tuuc

99 611 276 714 potestate
293 608 437 688 seculari
449 608 654 709 legitimum
679 612 886 690 abiecerunt
901 608 1060 691 Eccleuae
1078 616 1135 691 iu.

99 723 266 808 dicium,
294 721 396 823 quod
422 721 615 820 aliquando
637 716 871 823 expostulasse
890 721 950 801 sisa
973 722 1053 802 sunt
1075 723 1131 825 sy·

100 835 191 915 nodi
203 835 458 920 oeeumeuicae.
476 832 581 913 flocci
598 831 714 912 habits
734 833 915 934 pontificia
933 832 1128 920 LeouiuX.

99 942 440 1026 coutreLutherum
457 943 644 1022 sententia:
665 944 790 1024 frustra
810 948 915 1022 etiam
932 944 1065 1025 Leonis
1077 945 1131 1028 X.

99 1055 297 1153 successore
318 1055 505 1136 Hadriano
530 1052 594 1135 Vi.
623 1061 754 1151 (cuius
770 1061 1015 1158 aequanimitas
1042 1057 1132 1137 sedis

99 1193 250 1273 quoque
267 1169 469 1268 apostolicas
489 1169 642 1245 inimicis
661 1168 710 1244 eu
733 1164 1009 1258 commendata)
1033 1172 1134 1271 prin.

100 1286 200 1384 cipes
222 1281 408 1366 Saxoniae.
437 1277 639 1381 apraesidio
658 1276 807 1359 Lutheri
830 1289 998 1358 revocare
1022 1303 1134 1359 cona-

101 1408 168 1481 tu.
193 1408 332 1477 terrore
362 1391 484 1469 iudicii
501 1393 611 1469 divini
632 1391 685 1467 his
703 1391 748 1470 ad
772 1390 994 1470 Fridericum
1017 1392 1150 1475 Saxo.-

100 1507 172 1584 uiae
193 1505 323 1583 ducem
353 1503 553 1603 perscriptis
583 1504 722 1581 verbis:
761 1558 784 1595 „
800 1501 884 1582 Hoc
906 1505 971 1582 tibi
992 1504 1134 1582 denun-

72 1666 78 1675 -
101 1671 128 1712 „
154 1618 288 1695 ciamus
315 1618 352 1692 in
375 1617 505 1692 virtute
524 1617 788 1715 omnipotentis
812 1612 914 1702 Dei,
944 1629 981 1694 et
999 1613 1135 1720 Domi·

102 1784 128 1823 ,‚
156 1729 193 1804 ui
219 1728 329 1804 nostri
352 1724 427 1803 lesu
452 1723 610 1808 Christi.
658 1727 761 1801 cuius
784 1727 822 1800 in
851 1729 954 1803 terris
981 1729 1133 1807 vicarius

101 1896 126 1937 „
156 1838 296 1922 sumus,
314 1860 382 1913 nec
395 1850 431 1912 te
445 1836 481 1911 in
495 1834 653 1934 presenti
665 1833 785 1911 seculo
807 1834 880 1912 hoc
893 1835 1048 1915 laturum
1066 1841 1135 1914 im-

100 2008 127 2047 „
156 1972 276 2051 pune,
307 1962 344 2025 et
359 1952 394 2024 iu
413 1945 540 2023 futuro
561 1948 681 2022 aetetni
696 1959 732 2022 te
749 1948 844 2043 ignis
864 1945 1063 2047 exspectare
1079 1951 1136 2025 iu·

103 2118 129 2159 ,‚
156 2060 370 2151 cendium„.
430 2056 513 2136 Fuit
545 2055 745 2135 Hadrianus
768 2070 852 2134 ante
882 2057 1134 2157 pontificatum

104 2186 307 2276 praeceptor
338 2169 461 2248 Ceroii
480 2167 525 2245 V.
572 2171 658 2269 imp.
686 2182 723 2246 et
743 2170 846 2268 regis,
864 2167 1136 2271 Hispaniarum:

104 2283 203 2364 unde
238 2282 316 2383 post
340 2280 604 2366 Ferdinanriuns
640 2295 675 2356 et
703 2280 796 2358 inter
822 2279 1006 2384 Philippos
1030 2304 1138 2359 evau-

105 2394 193 2496 gelii
213 2393 329 2471 lucem
355 2417 419 2494 per
438 2409 557 2471 tutum
575 2393 702 2470 orbem
729 2409 956 2490 terraqueum
974 2397 1010 2470 in
1031 2396 1137 2474 Ame·

107 2510 181 2583 rica
203 2529 325 2584 recens
347 2505 483 2601 deteda
510 2503 720 2603 auspicatius
743 2504 938 2582 accendere
963 2506 1137 2585 allabora-

106 2620 179 2703 vit,
197 2640 304 2716 quant
318 2621 355 2690 iu
371 2613 657 2693 Germaniacum
673 2613 741 2691 suis
754 2612 1007 2694 successoribus
1021 2619 1135 2717 impp.

106 2751 156 2809 cx
185 2743 295 2825 geute
330 2723 578 2823 Habsburgica
606 2723 852 2803 orthodoxam
882 2725 989 2804 fidem
1028 2731 1137 2827 <quc

108 2839 282 2918 hedenus
294 2840 328 2912 in
351 2834 515 2936 Hispania
528 2836 659 2913 illibata
672 2835 762 2923 fuit.
792 2854 828 2914 et
847 2840 883 2913 iu
903 2837 1018 2917 Gallia
1035 2835 1140 2920 aLu·

110 2951 245 3028 dorico
265 2945 371 3028 XIV.
401 2948 557 3028 restituta
579 2944 675 3036 suit)
690 2947 918 3026 conservare:
949 2948 1036 3027 dum
1065 2948 1140 3050 pas·

111 3060 176 3142 ssus
211 3061 389 3160 principes
408 3060 515 3138 huius
549 3059 694 3146 muudi,
733 3059 934 3159 spoliorum
958 3081 1003 3138 ex
1035 3061 1141 3139 bonis

112 3170 347 3251 ecciesiasticis
373 3170 432 3271 spe
456 3171 592 3260 assessi,
623 3171 789 3249 libentius
818 3174 1010 3252 audierunt
1037 3170 1152 3251 aLu‹·

114 3284 251 3370 thero,
292 3284 361 3360 dici
398 3281 602 3382 pontificem
624 3280 832 3363 Romanum
864 3283 1142 3373 Antichrihum.

113 3419 225 3498 quam
253 3397 422 3475 vicarium
449 3392 593 3473 Christi.

201 3555 424 3634 Pontificiam
450 3555 695 3633 sudoritatenr
726 3554 909 3657 hodieque
933 3556 995 3636 sub
1020 3556 1144 3657 speuri

118 3673 272 3746 nomine
306 3662 588 3768 (phantome)
635 3668 877 3746 delitescentes
919 3668 1146 3770 vilipendunt

118 3778 335 3866 lansenisiae,
363 3783 426 3879 qui
446 3801 530 3857 curn
550 3778 615 3879 suo
634 3781 783 3857 nomine
804 3783 841 3855 in
858 3778 978 3858 fronte
998 3782 1147 3882 prodire

117 3915 197 3971 uon
216 3890 349 3969 audent
375 3892 392 3985 (
404 3913 512 3990 parra
525 3890 581 3970 ilia
602 3915 640 4082 ιΞ
662 3889 810 3992 Belgio.
827 3908 867 3970 ut
884 3908 1054 4079 rucatprfi,
1084 3889 1149 3970 Ec·

672 4022 691 4095 3
970 4028 1025 4082 ce
1052 4026 1092 4089 a.
