2512 4620
227 176 378 324 nm
396 216 577 316 marran
591 214 713 301 terrra
729 244 758 300 a.
773 217 931 301 xrttrr.
1013 236 1094 316 ω

55 443 83 490 ,
110 409 178 467 nm
192 389 260 466 eru
281 381 469 466 enumero
488 383 673 464 filiorum:
698 380 940 462 'nec‘hauebie
968 380 1094 465 Deum

56 554 81 595 „
112 498 277 586 Patrem.
319 502 382 600 qui
407 495 597 575 Euclefiam
622 495 889 575 uoluithabere
915 513 1063 575 matrem
1077 520 1091 574 'a

55 667 81 707 ,
109 611 274 713 nihilque
296 613 330 687 ei
352 609 536 710 proderit,
564 608 667 712 quod
683 607 898 704 crediderit,
926 607 983 688 uel
1000 607 1091 689 mui-
1136 638 1141 649 *

54 779 79 824 ,
109 739 145 804 ta
164 727 260 803 buna
280 722 405 801 iecerit
419 776 454 815 „.

142 882 313 962 Uti‘vero
328 882 476 964 schisma
489 881 674 971 charitati,
692 883 868 985 ita-quiris
883 906 986 963 error
1001 907 1093 965 con·
1202 900 1204 904 ’

56 1009 114 1076 rra
137 997 327 1100 'puritatem
353 994 435 1074 fidei
462 995 661 1095 refragatur
687 998 846 1083 veritati,
873 999 1091 1096 quemdum

56 1110 205 1189 danum
225 1105 376 1190 Ecclesia
400 1103 656 1204 adversantem¹
675 1120 829 1208 accepto
857 1106 1032 1188 aChristu
1052 1106 1096 1186 ἧς

57 1223 117 1298 dei
136 1218 321 1321 deposito,
351 1218 485 1298 nullam
508 1218 587 1301 ulio
613 1218 730 1297 mudo
748 1222 784 1296 in
811 1217 892 1298 finu
913 1218 978 1301 suu
1000 1220 1093 1302 tole-
1161 1287 1165 1296 .

57 1351 114 1412 rat
131 1331 276 1410 haerefin
293 1331 351 1425 [eu
367 1330 574 1409 hereticum
591 1329 653 1409 {ibi
670 1331 919 1411 refraiiarium
978 1330 1098 1426 „Na

55 1498 81 1538 „
110 1468 182 1545 que
204 1447 301 1522 enim
318 1447 389 1539 (ut
404 1445 568 1541 loquitur
582 1439 621 1528 b)
639 1443 674 1521 S.
693 1439 931 1544 Cyprianus)
959 1441 1094 1527 Domi·
1225 1524 1227 1528 Α

55 1555 87 1657 ‚3
109 1582 175 1634 nus
195 1556 315 1634 noster
331 1556 420 1634 lesm
437 1554 622 1644 Christus,
651 1579 736 1634 cum
754 1559 790 1632 in
812 1555 1009 1656 Evangelio
1027 1558 1094 1640 suu

56 1723 83 1770 2,
110 1669 318 1756 testaretur,
348 1667 564 1747 adversarior
587 1664 655 1743 effe
680 1688 765 1755 eos,
786 1674 850 1768 qui
871 1667 993 1749 secum
1015 1693 1093 1750 nou
1221 1727 1225 1747 .

55 1834 81 1875 „
109 1778 244 1869 essent,
294 1779 450 1881 aliquam
487 1776 643 1876 speciem
671 1777 846 1858 haereieur
870 1777 1091 1875 defiguravit,

56 1945 82 1991 „
110 1893 167 1968 sed
188 1914 317 1969 omnes
343 1891 504 1965 omnino
523 1887 740 1975 hereticus.
787 1892 851 1992 qui
868 1889 990 1970 secum
1015 1915 1096 1973 uon

55 2058 84 2098 ,
111 1999 241 2089 effert,
271 2015 308 2077 et
324 1998 784 2108 secumuoucolligenter.
813 2023 965 2101 gregem
987 2000 1101 2086 suum

55 2171 80 2212 „
111 2115 341 2214 spargerent,
377 2108 598 2191 adversarior
622 2110 704 2191 suus
728 2111 797 2191 eise
824 2114 1007 2203 ostendit.
1041 2115 1095 2192 di·

56 2281 82 2322 „
112 2247 242 2319 cens„:
280 2221 355 2326 Qui
372 2247 441 2299 auu
466 2219 664 2310 climacum
685 2221 874 2320 adversum
891 2248 947 2304 me
966 2222 1028 2312 eli:
1060 2237 1096 2305 ee

53 2392 81 2432 „
108 2341 168 2432 qui
179 2359 311 2413 inarum
325 2359 393 2414 nau
412 2336 563 2432 cuiir'gr't,
575 2333 723 2434 spargit
733 2392 766 2429 „.
788 2335 886 2420 Hinc
898 2337 971 2428 est,
986 2338 1090 2442 quud

57 2454 169 2528 toties
186 2449 317 2527 taritata
346 2450 522 2527 innostra
547 2444 742 2528 Germania
767 2453 856 2532 unio
893 2447 1096 2530 Protestau·

57 2565 153 2640 tium
185 2559 323 2661 semper
349 2560 518 2640 harimnu
536 2559 706 2638 iucaiium
730 2557 888 2648 cerret-it,
928 2567 1093 2662 eritque,

58 2673 234 2774 quamdiu
265 2672 315 2750 illi
355 2695 492 2747 nomen
527 2669 804 2749 protestantium
841 2694 918 2749 nou
950 2679 1096 2773 panitur

57 2787 270 2871 abiecerint,
295 2786 330 2858 in
349 2788 530 2879 gremium
546 2778 704 2860 Ecclesrae
717 2779 922 2883 [impliciter
941 2783 1096 2861 redeun-

57 2897 129 2982 do,
161 2894 259 2970 unde
279 2898 466 2971 exierunt:
496 2895 577 2971 funt
598 2917 644 2972 ex
663 2917 794 2972 eorum
811 2899 947 2997 quippe
967 2920 1096 2974 nume.

59 3032 132 3093 ro,
165 3007 359 3107 dequibus
378 3005 401 3083 Ι.
427 3005 626 3095 10.11.19.
657 3004 711 3082 Ex
738 3003 835 3084 nobis
857 3005 1106 3104 prodierunt.³

50 3119 118 3226 fad
131 3140 200 3193 non
219 3116 501 3195 erunrexnubis:
531 3140 615 3193 num
626 3114 863 3219 lifurffentex
879 3117 995 3205 nobis,
1011 3136 1095 3217 per.

60 3228 254 3330 munftffent
273 3232 395 3326 urique
416 3227 620 3324 nuiufruru:
655 3229 720 3329 sed
740 3241 782 3306 ui
808 3227 984 3331 ruuniselii
999 3231 1095 3322 lint,

60 3347 228 3439 maenium
260 3364 329 3417 nun
352 3339 583 3439 santonum
611 3364 659 3416 ex
681 3340 804 3421 nobie·
848 3342 967 3443 igitur
994 3342 1020 3422 sr
1045 3366 1104 3423 ex>

57 3458 189 3531 animo
212 3458 365 3554 cupiunt
385 3455 540 3541 reuniri,
570 3467 656 3530 aute
672 3457 794 3532 omnia
819 3453 957 3535 necesse
973 3455 1023 3532 est
1041 3459 1096 3534 in·

60 3565 208 3644 fullibile
233 3561 394 3643 Eccleiiae
416 3568 589 3644 iudicium
621 3565 842 3663 agnuscere,
891 3583 928 3645 ee
949 3590 1030 3667 quae
1050 3569 1095 3648 ab

61 3675 214 3757 Eculefia
244 3676 387 3754 definita
415 3676 524 3765 sunt,
572 3675 754 3777 suscipere.
813 3676 856 3756 id
880 3680 982 3779 quod
1004 3678 1093 3769 iiiia.

62 3792 128 3892 qui
155 3812 214 3864 me
237 3789 283 3865 ad
310 3805 480 3868 tentatam
498 3789 564 3866 iub
581 3787 743 3891 auspiciis
774 3786 867 3871 carr
885 3788 1006 3885 Prine
1020 3798 1097 3894 epi·

538 3896 577 3982 0
610 3920 631 3991 3
735 3952 743 3968 ·
941 3903 1040 4008 scopi

106 4027 143 4104 a)
163 4022 224 4088 uu
247 4021 271 4089 i.
293 4022 374 4111 epist.
392 4030 421 4088 6.
444 4023 481 4087 ari
500 4021 651 4105 Magnum.
1003 4050 1008 4057 ·
