2506 4958
251 227 402 305 regnum
426 197 558 299 coristi
578 203 806 282 internae.
828 200 891 281 LI.
1009 224 1088 303 271

78 366 487 456 amnuntiandum,
539 368 615 445 eiua
646 364 863 465 imposturas
893 366 1095 468 imprimis,
1173 440 1182 457 .,

78 499 215 586 guaer
244 482 415 582 prodigia
434 480 609 566 attinent,
640 493 721 555 tum
750 481 858 557 etiam
884 481 1096 580 apostasiam

81 597 254 676 ominum
272 593 407 672 ultimis
429 587 620 692 ptaelertim
646 589 776 672 diebus,
798 604 915 669 1200.
945 597 1097 695 qnando

78 706 210 787 ellante
236 703 406 783 sacrificio
422 702 619 782 abundabit
634 704 802 804 iniquitat
816 705 915 782 iuxta
931 729 992 795 ea,
1014 730 1097 811 quae

80 878 91 897 .
113 834 248 920 martyr
267 823 303 894 in
324 815 513 895 Danielem
531 815 577 892 ad
596 836 672 892 reru
686 814 828 914 profert
841 815 986 906 eadem,
1015 844 1100 922 quae

78 930 210 1009 alibro
239 931 304 1007 illo
338 929 383 1005 de
411 924 731 1005 consummatione
760 925 869 1005 seculi
895 927 951 1006 hia
979 935 1098 1013 terbir
1225 972 1227 977 ·

78 1058 257 1145 eguntur:
285 1036 519 1138 „Lugebunt
544 1041 650 1115 etiam
673 1030 833 1117 Ecclellae
858 1039 996 1120 ludium
1022 1068 1100 1124 ma.
1209 1100 1214 1108 .

78 1218 83 1242 ‚
110 1174 248 1255 gnum,
276 1157 359 1254 quia
389 1145 643 1238 modulatio,
674 1170 741 1226 nec
759 1145 896 1231 suffitus
920 1150 999 1244 fiet,
1030 1180 1100 1237 uec

78 1334 80 1351 ,
110 1265 228 1345 cultus
253 1262 336 1344 Deo
360 1279 493 1363 gratus.
553 1259 624 1341 Sed
642 1253 867 1341 ecelesiarum
886 1264 981 1344 ades
996 1267 1100 1348 sacrae

78 1434 81 1465 .
112 1380 248 1477 tugurii
277 1377 382 1453 instar
408 1389 535 1462 erunt,
562 1373 839 1476 pretiosumque
856 1400 1015 1478 corpus,
1062 1395 1101 1460 et

78 1556 81 1576 ‚
107 1489 250 1588 sanguia
275 1484 406 1567 Christi
430 1507 506 1565 non
527 1484 663 1563 extabit
680 1486 806 1564 diebus
829 1486 919 1577 iltis,
950 1483 1101 1593 liturgia

78 1667 81 1689 ‚
111 1605 380 1698 extinguetur,
431 1594 652 1698 psalmorum
677 1597 881 1677 decantatio
935 1601 1098 1692 cellabit.

78 1776 80 1799 .
112 1713 364 1812 scripturarum
388 1712 549 1787 recitatio
572 1730 647 1785 non
665 1709 842 1786 audietur.
899 1710 972 1799 Sed
990 1731 1100 1796 erunt

106 1826 203 1925 apud
225 1823 393 1899 homines
414 1823 590 1906 tenebrae,
608 1818 818 1897 lamentatio
836 1814 940 1920 super
963 1824 1099 1904 lamen.

106 1939 307 2020 tationem,
326 1953 377 2010 vae
394 1933 496 2031 super
528 1949 625 2024 νε».
685 1926 786 2009 ldem
812 1933 850 2008 in
885 1935 1099 2037 interpretass

78 2052 158 2128 bne
181 2051 216 2124 in
235 2039 423 2155 Danielem
450 2048 509 2144 (p.
532 2054 616 2128 rr8.
639 2059 673 2117 n.
692 2041 790 2134 99.)
818 2043 862 2124 ad
879 2042 973 2127 Dan.
993 2048 1095 2129 Vlll.

78 2180 123 2253 3..
158 2162 228 2237 &u
260 2156 303 2235 Et
318 2148 391 2253 poll
410 2172 558 2253 regnum
575 2174 714 2243 eorum,
736 2174 815 2233 ctam
831 2164 1098 2239 creverinrini·

78 2271 231 2358 uitales,
262 2268 445 2367 consurget
468 2288 534 2344 rex
554 2267 732 2366 impudens
740 2259 862 2367 facie,
892 2284 931 2350 et
950 2293 1030 2375 quae
1048 2274 1100 2352 se·

80 2402 242 2470 uantur,
274 2403 318 2459 ex
340 2383 379 2457 iis
399 2380 502 2458 nobis
531 2380 785 2460 Antichristum
808 2376 856 2489 stc
877 2383 1096 2467 adumbrat:

109 2489 197 2575 Haec
220 2497 331 2592 igitur
351 2495 527 2593 propheta
553 2498 600 2570 ita
624 2509 764 2572 enarrat
785 2494 831 2571 de
854 2496 1097 2590 llntichrillo.
1160 2504 1176 2551 ·'
1209 2596 1212 2603 Ι

110 2605 173 2712 qul
199 2611 266 2683 erit
288 2607 500 2706 impudens,
542 2603 626 2683 belli
648 2606 793 2694 avidus,
832 2602 1096 2710 'ettyronnum
1208 2606 1211 2611 ’

109 2723 173 2821 qui
188 2719 290 2818 luper
308 2742 438 2796 omnes
456 2737 582 2817 reges,
630 2740 853 2819 omnemque
870 2718 997 2799 Deum
1029 2723 1097 2799 ela.

104 2846 167 2910 tus
184 2833 310 2908 urbem
331 2831 517 2910 letululem
536 2826 744 2917 aedificabit,
773 2844 813 2908 et
827 2831 1010 2933 templum
1034 2859 1099 2912 ex·

110 2945 250 3023 citabit:
282 2945 380 3021 bunc
396 2944 597 3020 adorabunt
619 2942 725 3020 veluti
741 2934 865 3020 Deum
887 2946 1097 3038 oelradlarii,

103 3050 196 3158 ‘huie
222 3055 465 3156 genulledient
493 3055 733 3132 existimantes
758 3054 873 3154 ipsum
902 3051 972 3135 effe
990 3058 1102 3139 Chri·

110 3169 222 3248 stumt
267 3165 327 3246 hic
351 3170 443 3245 duos
467 3163 571 3244 telles
607 3181 643 3244 et
674 3169 911 3266 praecursores
939 3169 1097 3259 Christi,

108 3276 309 3381 glorioinm
331 3277 436 3380 ipsius
464 3279 599 3356 atoelia
624 3298 782 3378 reguum
800 3282 1035 3384 predicantes
1052 3285 1099 3362 de

109 3395 233 3471 medio
258 3393 362 3470 tollet
389 3388 459 3468 &n
488 3443 511 3484 ,-‚

140 3547 272 3657 Neque
292 3547 475 3632 verullae
495 3555 541 3631 ita
557 3548 763 3654 accipienda
783 3551 883 3642 lunt.
914 3566 958 3636 ut
972 3551 1098 3637 adver-

78 3669 125 3773 ιτίΙ
137 3668 325 3745 videantur
344 3663 514 3745 tutiilrmo
533 3661 771 3745 EcclefiaeDei
786 3666 968 3767 praebdio,
989 3668 1099 3749 Chri.

78 3772 95 3859 {i
117 3778 365 3883 promiilroni‚
395 3779 428 3855 se
447 3802 531 3857 cum
551 3778 619 3858 suis
640 3777 745 3876 usque
762 3778 812 3855 ud
828 3779 1098 3881 consummatio·

78 3912 138 3973 em
157 3888 269 3992 ‚santii
295 3891 461 3993 fututum
488 3886 567 3971 effe.
639 3883 722 3970 Nec
749 3888 812 3971 fibi
839 3891 904 3995 ipsi
931 3895 1098 3996 adeoque

837 4007 1040 4088 contrarius
