2506 4958
268 176 577 358 ιρειιιιιιιϋβιίβι
604 226 790 303 interris.
820 246 848 302 c.
878 217 965 302 XX.
1058 197 1153 321 ι4ιΙ

97 380 172 463 tior
203 380 250 461 ah
281 385 495 467 evolutione
532 380 831 490 revolutioneque
865 401 1013 472 rerum,
1056 406 1138 486 quae

97 495 313 627 prophetice
332 497 412 574 sunt
439 498 608 596 praedisia.
649 498 791 577 Idcirco
812 500 918 577 etiam
940 496 1140 576 Pastorinio

98 612 137 685 in
161 608 420 708 posterioribus
435 608 604 708 epochis,
635 635 715 712 quae
735 612 888 689 necdum
906 632 950 686 ex
969 626 1069 710 parte
1086 608 1142 689 uel

97 743 147 797 ex
170 734 254 798 toto
280 719 437 796 evoluta
467 721 568 809 sunt
599 725 854 800 recurrendum
887 723 958 800 suit
982 722 1026 798 ad
1051 742 1140 821 pro·

98 831 240 933 photiae
265 834 392 908 veteris
425 832 652 919 testamenti,
683 859 724 910 ac
750 838 863 921 novi,
894 836 1035 934 inquo
1065 847 1139 909 tam
1172 832 1175 839 ’

99 941 329 1028 acauno,
372 965 480 1044 quam
514 943 694 1075 Apostolir
726 946 837 1024 muita
866 945 945 1023 sunt
975 944 1141 1045 praedisia

100 1053 226 1156 quoad
251 1051 471 1132 novissima
462 1060 661 1156 imprimis.
692 1080 771 1157 quae
798 1059 927 1134 instant
953 1072 1139 1157 tempora,

101 1168 360 1243 omninocum
382 1166 592 1266 Apocalypsi
624 1170 883 1269 conspirantia:
919 1166 1068 1269 perinde
1098 1190 1141 1245 ac

101 1280 142 1355 in
174 1275 244 1375 ipsa
265 1275 475 1378 Apocalyph
507 1279 638 1379 septem
663 1277 791 1378 sigilla,
823 1282 944 1367 tuba.
975 1295 1012 1358 et
1041 1279 1142 1379 phia-

104 1389 148 1466 1ae
176 1391 311 1465 mirum
336 1392 372 1464 in
399 1389 552 1468 modum
581 1389 643 1467 fibi
679 1391 896 1492 respondent
929 1409 1061 1471 mutuo
1092 1391 1143 1468 se.

104 1500 270 1578 cundum
301 1498 435 1600 septem
457 1498 616 1579 Ecclesrae
635 1517 774 1581 aetates:
812 1508 858 1581 ita
892 1517 933 1582 ut
963 1505 1143 1604 apertioni

104 1614 263 1689 cuiusvis
290 1609 391 1710 sigilli
419 1635 483 1711 per
505 1634 639 1712 agnum
668 1616 782 1714 ipsum
802 1615 985 1694 Christum
1011 1613 1145 1695 Domi·

106 1748 199 1801 num
223 1722 282 1801 sua
310 1723 523 1823 respondeat
552 1750 617 1826 per
649 1725 900 1806 succesfionem
933 1736 1145 1826 temporum

104 1833 247 1936 epocha
271 1835 329 1913 seu
356 1854 461 1924 aetas3
490 1835 611 1936 sigillis
641 1854 759 1916 autern
782 1836 966 1937 'finguiis‚
997 1836 1145 1936 singula

108 1970 176 2047 per
202 1945 368 2024 ordinem
394 1948 486 2024 tubae
509 1972 574 2048 per
599 1949 747 2048 angelos
776 1948 908 2048 septem
926 1945 1053 2025 inflatae
1086 1972 1146 2023 ve-

107 2059 177 2137 luti
198 2057 242 2134 ad
262 2054 437 2138 erasurum
457 2058 687 2145 canendum,
710 2059 980 2160 misiantemque
1000 2055 1146 2138 Ecctefi·

106 2194 169 2249 am
187 2169 340 2248 instante
363 2193 462 2248 novo
491 2174 686 2249 certamine
707 2173 751 2249 ad
772 2189 954 2250 certamen
986 2174 1148 2248 excitan-

108 2282 221 2369 dam,
267 2283 356 2360 dum
383 2278 525 2360 vicishm
548 2286 661 2361 cuivis
692 2284 814 2371 tube,
861 2284 917 2361 seu
951 2286 1018 2371 iit,
1065 2304 1146 2384 quo

109 2417 175 2495 per
199 2392 407 2492 clangorem
439 2398 531 2473 tubae
553 2391 903 2474 Ecclesiamititanti
928 2396 1148 2473 denuncian-

103 2506 172 2584 'tur
210 2528 302 2583 nova
334 2510 526 2582 certamina
557 2532 599 2584 ac
631 2507 753 2595 suste,
785 2507 841 2585 sua
876 2508 1062 2607 pedisequa
1096 2507 1148 2586 est

107 2616 229 2719 phiala
260 2620 297 2693 in
323 2617 406 2692 iiior
437 2617 569 2705 effusa,
601 2622 727 2718 quiin
758 2642 911 2716 regnum
942 2618 1073 2697 Christi
1107 2621 1145 2696 in

110 2731 217 2805 terris
235 2782 259 2816 ,.
288 2725 476 2807 Ecclefiam
517 2729 765 2828 insurgentes,
818 2729 980 2807 auiiores
1015 2752 1146 2809 corum

111 2841 294 2918 urniorum
325 2839 483 2919 suerunt.

198 2994 253 3080 Ex
277 3001 483 3080 admiranda
507 3024 594 3081 vero
618 3001 867 3082 convenientia
892 3000 1059 3080 tubarum
1081 2997 1162 3081 tin-A

112 3112 280 3213 gusarum
322 3138 413 3191 cum
445 3114 588 3215 singuiis
626 3118 892 3219 insequentibus
928 3115 1054 3216 phialis
1092 3113 1149 3193 vel

114 3248 273 3302 maxime
285 3218 474 3304 harmonia
502 3229 607 3306 huius
623 3230 714 3306 adeo
734 3226 793 3304 fibi
812 3227 1026 3304 coherentia
1048 3221 1153 3329 syste-

115 3339 241 3425 matis,
259 3340 360 3438 quod
383 3343 513 3417 merito
534 3334 639 3417 clavis
662 3341 907 3441 apocalyptica
928 3343 999 3418 dici
1019 3338 1150 3441 potest,

115 3448 391 3527 demonstratur.
452 3450 505 3528 nd
531 3450 632 3538 hoc,
660 3468 702 3528 ut
733 3456 851 3528 minus
872 3453 1150 3541 attenderetur.

114 3561 155 3638 iu
182 3561 283 3641 causa
306 3558 394 3648 fuit.
426 3563 527 3663 quod
552 3563 586 3641 S
610 3562 763 3640 loannes
786 3562 917 3661 septem
946 3559 1080 3665 hgiila,
1097 3585 1195 3653 tu·

113 3672 203 3760 bac,
234 3672 271 3750 'et
300 3666 435 3775 phialas
468 3695 545 3752 non
580 3671 718 3774 singula
749 3673 895 3773 fingulis
930 3675 1152 3779 coniungat.

113 3780 176 3862 sed
206 3784 393 3887 postquam
428 3808 504 3886 cap.
537 3797 572 3861 6.
600 3802 701 3881 et7
733 3802 852 3886 aperta
880 3784 989 3865 eiient
1019 3789 1154 3892 septem

114 3892 248 3998 hgisia,
278 3894 448 3978 initioc.
481 3909 516 3986 ι
546 3894 680 3979 dicitur
708 3895 840 3985 iatiurn
875 3893 943 3980 esse
975 3900 1152 3982 fisentium

1050 4041 1100 4121 ain
