2512 4620
200 240 358 318 regnum
382 214 758 313 carminantem.
786 216 972 300 XXXIX.
1031 234 1112 320 355
1153 322 1157 330 A

67 445 93 486 „
118 378 332 486 (subdiu)
360 405 441 488 qua
469 380 673 473 ferrentur,
708 395 754 462 ot
780 382 913 462 nullius
938 383 1042 472 fidei,
1073 391 1112 466 et

71 558 95 598 „
122 497 349 577 intimitatis
389 492 615 572 assertionem
653 489 872 596 contempsit
901 548 935 591 ‚„.
994 494 1140 591 Quod‘

70 613 171 694 idem
204 631 251 688 ex
285 605 317 684 S.
340 603 509 685 Bernardi
532 605 678 708 epistola
701 606 745 686 ad
775 606 992 686 Gausridum
1023 608 1113 688 Car-

69 722 152 805 oot.
178 744 234 822 ep.
252 719 298 796 de
316 718 350 796 S.
369 714 557 797 Norberto
575 711 679 796 affert
703 743 741 797 o.
764 724 827 796 26.
850 714 1113 813 Antichristunt

69 861 136 925 ea,
166 856 247 936 quae
261 855 360 912 nunc
379 830 446 916 est,
465 833 700 929 generatione
717 828 971 921 revelandum,
998 829 1111 936 aequi.

71 946 304 1031 meumes,
329 966 396 1021 nec
416 941 523 1021 sidem
547 942 580 1021 S.
596 939 765 1021 Bernardi
790 948 929 1023 meruic
991 940 1110 1040 Quod
1220 947 1224 955 '

76 1059 201 1144 addit.
220 1057 265 1135 ad
286 1054 463 1135 summam
483 1054 557 1133 hoe
576 1050 771 1144 asseruisse,
802 1076 881 1135 non
901 1055 1056 1135 risurum
1077 1057 1114 1138 se

73 1188 264 1257 mortem,
281 1166 485 1270 priusquam
514 1167 649 1246 videret
671 1168 877 1267 generalem
901 1171 939 1247 in
957 1162 1111 1252 Ecclesa

72 1283 385 1391 persecutionem,
425 1276 461 1357 id
481 1303 528 1358 eo
550 1274 671 1358 reseres
706 1274 847 1380 potest,
885 1280 989 1384 quod
1019 1291 1111 1363 tunc

74 1398 269 1477 actitabant
292 1394 469 1471 neoterici
494 1390 679 1471 Gilbertur
711 1389 947 1482 Porretanuc,
984 1389 1114 1476 Petrut
1240 1474 1242 1479 .

75 1511 123 1588 de
146 1506 271 1595 Brun,
303 1498 533 1606 albigenses,
563 1503 802 1593 Waldensee,
835 1504 1012 1585 Henricuc
1033 1528 1116 1587 mo·

78 1619 238 1708 nachus‚
269 1632 305 1696 et
328 1620 390 1716 qui
411 1616 444 1701 se
458 1613 677 1718 apostolicos
695 1617 891 1708 dicebant,
910 1630 951 1697 ut
970 1620 1007 1695 in
1024 1616 1118 1698 invi-
1198 1710 1204 1715 ,
1252 1632 1255 1637 ’

78 1737 176 1812 diam
205 1729 384 1809 trahentes
408 1730 660 1817 hierarchiam,
691 1729 836 1830 eiusque
859 1724 1117 1830 caputRoma·

77 1848 169 1945 nam'
183 1843 319 1931 sedem,
339 1839 576 1920 sacerdotium
592 1854 631 1918 ct
648 1844 838 1940 imperium
854 1840 947 1917 iuter
968 1839 1000 1917 se
1011 1864 1116 1920 com.
1208 1867 1218 1895 ··

82 1962 290 2043 mitterent,
319 1953 517 2055 praeprimis
551 1950 727 2032 Arnalduc
749 1951 808 2032 seu
830 1948 1041 2042 Arnosdur¹
1075 1968 1117 2034 ut

77 2095 165 2151 eum
184 2065 280 2150 Otto
300 2063 529 2166 irttngentts
546 2060 586 2155 u)
607 2077 731 2154 vocat,
754 2063 998 2168 testaturque,
1026 2116 1050 2159 ,‚
1067 2080 1116 2147 ex

83 2238 110 2276 ,‚
138 2178 359 2260 eccsefiastici
391 2176 542 2257 honoria
569 2176 699 2257 invidia
722 2178 849 2256 urbem
872 2175 1029 2258 Romam
1063 2180 1119 2255 io·
1245 2224 1253 2241 κ

83 2351 107 2389 „
138 2285 293 2394 gretiam
315 2314 357 2369 ac
387 2285 598 2369 senatoriam
623 2290 869 2389 dignitatem,
900 2289 1118 2393 equestrem·
1208 2392 1211 2397 Ι

83 2464 108 2501 ,,
139 2432 210 2508 que
230 2404 396 2483 ordinem
415 2403 644 2482 renovareod
669 2403 774 2480 instat
797 2405 1030 2505 antiquorum
1052 2420 1120 2481 vo·

84 2576 108 2613 „
139 2520 292 2605 semem,
324 2530 436 2595 totam
467 2537 557 2616 pene
583 2516 709 2594 urbem
737 2536 778 2593 ac
802 2519 982 2614 precipue
1000 2536 1121 2617 popu·

85 2687 109 2726 „
140 2633 215 2709 sum
243 2627 405 2707 adversus
426 2627 634 2729 pontificem
659 2625 859 2705 concitatio.
890 2622 1122 2723 Unde<sub·

85 2799 110 2839 „
139 2741 247 2830 dic.)
271 2740 371 2818 etad
393 2737 591 2824 eorundem
621 2742 829 2817 temeritatis
854 2736 908 2815 vei
931 2753 1054 2839 potura
1070 2739 1123 2817 sa·

86 2911 112 2951 „
140 2858 276 2932 tuiratie
308 2850 651 2930 corroborationem
683 2844 727 2927 ab
758 2853 808 2928 cia
849 2847 892 2928 ad
919 2852 1122 2951 principem

87 2965 351 3060 „destinatum
387 2964 455 3041 case
482 2963 651 3064 scriptum
690 2962 893 3042 invenitur:
934 2959 1121 3040 Excellen-

89 3136 114 3174 ‚,
142 3071 272 3156 tissrmo
295 3092 402 3177 atque
431 3075 601 3173 praecsaro
624 3069 721 3153 urbis
739 3086 775 3152 et
794 3076 891 3151 orbis
917 3076 1032 3152 totius
1056 3067 1125 3153 do·

90 3245 117 3280 „
144 3195 246 3267 mino
282 3183 457 3267 Conrado
495 3186 566 3266 Dei
599 3193 712 3285 gratia
744 3184 999 3266 Romanorum
1045 3183 1123 3286 tegi
1196 3179 1201 3198 ⁸

92 3359 117 3397 ‚,
146 3298 283 3403 semper
315 3294 479 3399 Augusto
509 3299 647 3378 senatus
683 3296 911 3401 populusque
937 3290 1126 3378 Romanus

92 3469 117 3510 „
148 3408 292 3491 salutem
320 3428 357 3490 et
389 3409 544 3489 Romani
566 3415 709 3512 imperii
738 3410 878 3488 sesicem
906 3426 942 3488 et
967 3405 1125 3490 inclitam

92 3524 450 3717 astitistis
486 3514 1127 3714 itt·oissssitisss
1204 3620 1211 3640 ·

95 3756 135 3830 in
158 3770 227 3850 que
256 3656 430 3827 goerado
452 3655 580 3824 agrees
606 3763 749 3826 montes
774 3748 966 3848 pollicetur
991 3685 1130 3828 senatu:

95 3860 327 3967 populusque
352 3854 541 3938 Romanu
559 3859 721 3960 pontifici
745 3859 907 3949 rebeisis.
953 3860 997 3938 ad
1020 3856 1129 3941 sinent

579 3960 612 4048 Z
640 3985 660 4047 a
740 4020 748 4041 .
986 3967 1078 4052 salu·

138 4091 174 4162 au
195 4082 248 4155 iiic
272 4077 294 4152 s.
317 4079 354 4150 de
386 4080 471 4172 pesile
492 4081 629 4152 Friderici
651 4098 677 4150 c
699 4099 749 4172 cp.
