2506 4958
272 218 423 293 regnum
444 191 574 289 curtii·
596 198 636 273 a'n
660 196 780 277 terris.
800 216 830 277 t.
854 186 969 283 XLV.
1062 214 1140 289 139

106 382 147 435 ea
176 357 396 460 dispensandi
427 362 462 437 in
480 359 621 457 legibus
644 356 872 459 generalibus
894 330 1042 443 fa'cultar
1058 360 1141 459 epi-

106 471 225 570 scopis
252 475 452 570 promiscua
475 469 543 546 elle
563 473 630 546 iam
656 472 732 551 non
757 470 899 570 potest,
928 474 974 549 ita
992 494 1062 550 uec
1078 493 1141 571 pe·

105 588 201 659 nitur
233 584 329 658 demi
362 582 475 661 valet:
520 582 668 684 quando
700 581 911 689 obversatur
933 584 1020 660 iulia
1047 581 1139 682 legis

106 695 225 793 epikia
248 719 315 794 pro
336 694 598 794 personarum,
639 718 758 771 terum
783 718 824 771 ac
844 709 1052 792 temporum
1070 699 1140 771 cir·
1229 734 1234 741 ’

105 809 351 891 condiendis,
399 830 486 905 quas
515 804 561 886 illi
589 809 739 904 propius
771 805 945 905 inspicere
968 802 1138 909 poliunt,

105 920 142 994 ln
168 916 300 995 casibus
325 916 514 1017 praelertim
543 917 839 1015 particularibus,
886 919 920 993 in
949 916 1088 1015 legibue
1108 940 1140 996 e.

106 1056 144 1127 g.
166 1030 384 1105 abstinentie
407 1046 443 1106 et
469 1032 613 1115 ieiunii,
645 1030 851 1105 dummodo
876 1044 997 1106 tamen
1021 1050 1143 1105 cavea.

107 1158 167 1218 tur
206 1142 425 1239 periculum,
472 1165 519 1219 ne
556 1143 591 1219 in
632 1139 902 1217 desuetudinem
939 1140 1143 1219 lexveuiat

113 1270 176 1329 aut
208 1252 435 1353 despeclum:
476 1275 595 1351 neque
628 1254 841 1350 superentur
875 1252 1007 1329 limites
1041 1255 1144 1328 avitae

106 1364 369 1451 observantia,
429 1365 713 1464 introduclaeque
736 1362 1033 1451 consuetudinis,
1075 1386 1143 1440 nec

105 1501 181 1552 non
202 1475 433 1556 observantia
457 1493 493 1552 et
510 1477 753 1563 auiloritatis,
788 1473 991 1555 universalis
1018 1476 1143 1575 legum

105 1588 413 1667 ecclesiasticarum
434 1591 610 1676 custodis,
641 1587 797 1671 Romani
827 1586 1027 1689 pontificis,
1056 1611 1148 1691 praa·

106 1699 225 1776 sertim
251 1704 287 1777 in
313 1725 350 1775 re
369 1700 635 1778 sacramentaria
660 1704 885 1799 poenitentiae
909 1723 940 1777 e.
961 1724 997 1799 g.
1018 1716 1053 1779 et
1070 1724 1145 1778 ma·

107 1814 289 1900 trimonii‚
312 1813 357 1889 de
376 1837 452 1910 quo
471 1816 506 1890 in
532 1813 692 1893 concilio
710 1811 874 1896 Trident.
894 1812 956 1895 diu
972 1808 1143 1913 discepta-

105 1938 183 2000 tum
201 1925 273 2010 est,
305 1948 348 1998 an
368 1924 542 2024 episcopis
582 1923 814 2001 concedenda
849 1927 886 2005 io
907 1925 1147 2023 impedimen·

106 2039 152 2111 tis
202 2037 422 2110 matrimonii
451 2034 671 2135 dispensandi
699 2034 859 2117 facultas.
919 2034 1004 2131 Qua
1037 2033 1083 2117 de
1106 2060 1146 2114 re

105 2144 166 2220 etsi
183 2148 217 2219 in
236 2146 383 2224 decreto
397 2144 436 2235 u)
454 2146 693 2234 abstrahatur.
715 2170 782 2224 nec
801 2146 860 2224 fiat
874 2148 1033 2229 absoluta
1051 2170 1144 2248 pon-

103 2256 189 2333 tifici
217 2259 424 2344 reservatio,
457 2258 537 2339 usus
558 2274 676 2335 tamen
695 2261 859 2336 constans
882 2265 935 2339 ius
958 2260 1047 2339 illud
1069 2259 1147 2338 Ro·

105 2394 220 2444 manre
245 2368 313 2444 ledi
339 2371 508 2449 haclenus
530 2369 690 2456 allernit,
723 2396 790 2449 nec
807 2370 887 2476 ipsis
907 2370 1143 2455 diffitentibus

109 2483 392 2580 pnnllatoribns.
451 2482 577 2576 Quare
611 2485 655 2561 de
684 2485 752 2561 hac
789 2508 828 2560 re
856 2485 1032 2585 episcopie
1059 2509 1143 2563 cum

105 2593 278 2691 pontifice
299 2596 591 2670 conveniendum
611 2597 679 2681 eli,
712 2615 821 2696 prout
840 2593 993 2673 Viennae
1015 2596 1144 2676 fadum

109 2730 165 2780 au.
195 2718 310 2795 178²·
354 2730 437 2780 cum
476 2706 706 2805 praesentibus
746 2722 834 2783 tunc
870 2704 1087 2808 Hungaricis
1111 2724 1182 2787 et·

106 2816 332 2895 Germanicis
345 2818 541 2916 episcopis,
562 2816 629 2893 illis
642 2819 750 2896 ueluti
766 2820 895 2896 conilis
909 2823 944 2894 in
961 2819 1142 2919 synodum

103 2954 188 3005 cum
216 2927 396 3023 pontifice.
458 2930 590 3007 SSrnus
606 2928 642 3006 Ρ.
669 2928 714 3007 Ν.
737 2928 818 3007 Pius
830 2929 889 3007 Vl.
913 2928 950 3013 P.
976 2930 1030 3011 Μ.
1051 2932 1148 3031 poll·

106 3065 215 3136 quam
257 3042 292 3117 in
330 3041 477 3135 epistola
506 3065 563 3118 an.
606 3053 719 3125 1787.
773 3042 854 3121 dato
893 3041 1151 3121 Maximillam).

106 3149 261 3230 Eteuou
288 3152 500 3232 Coloniensi
523 3152 591 3232 snb
613 3152 702 3231 sedis
720 3157 757 3233 in
780 3155 846 3234 hac
866 3180 904 3234 te
923 3158 997 3232 iura
1021 3179 1066 3231 ex
1087 3180 1150 3233 an·

926 3270 1093 3369 tiqoitate

151 3491 174 3527 „
197 3452 408 3515 circonstancee
430 3452 589 3526 auoettes,
613 3452 649 3521 ila
671 3452 826 3516 deuroient
847 3453 922 3515 tenir
943 3453 1036 3517 ferme
1056 3454 1151 3519 &da-

152 3531 1155 3611 „mmmmpmwmumstnmmmmmmoewms

153 3619 221 3677 clem
245 3618 341 3679 adhuc
366 3619 498 3696 pluribus
521 3620 648 3682 edisserit
669 3622 699 3681 in
725 3619 845 3696 epistola
870 3620 975 3681 eodem
1007 3640 1084 3682 anno
1111 3622 1150 3683 ad

152 3699 270 3760 fratrem
293 3700 373 3762 sunm
390 3702 535 3764 lllbertum
553 3705 619 3765 sax.
645 3703 757 3766 Ducem
779 3704 853 3766 data.
880 3702 946 3765 vu.
971 3702 1082 3768 Reflex.
1102 3704 1148 3770 sur

153 3781 195 3842 les
213 3799 261 3857 73.
294 3782 384 3845 nrttcl
411 3785 449 3846 dn
472 3805 526 3863 pro
551 3787 697 3850 lllemnria
719 3805 795 3864 pren.
821 3782 880 3850 lrla
903 3785 989 3851 Diete
1011 3787 1050 3851 de
1067 3787 1150 3853 l’em·

153 3866 216 3942 pire
239 3869 293 3926 liic.
318 3862 529 3930 bllatisbonne
557 3881 644 3947 1788·
669 3889 697 3949 p.
715 3886 783 3943 142.

153 4001 188 4075 u)
210 3997 278 4061 Seis.
297 3997 407 4061 xxiv.
431 3999 468 4064 de
491 4000 608 4064 reform.
632 4021 697 4082 cap.
718 4023 745 4081 ς.
