2512 4620
297 228 449 312 regumn
470 208 602 301 cirilli
623 211 799 333 interris
820 231 854 288 e.
875 205 938 290 LI.
1051 223 1133 306 269

99 435 126 474 „
154 401 263 480 quam
292 378 343 455 ibi
372 374 418 455 ad
449 387 593 476 tempus
623 372 744 452 statuit
771 372 984 455 Antiochus
1043 374 1141 474 Quae
1195 362 1210 446 ’.

100 546 126 587 ,,
155 513 243 568 vero
268 487 522 572 desolationis,
551 481 615 563 nisi
633 508 715 587 quae
730 489 798 563 erit
815 487 951 588 ubique
968 486 1139 567 locorum

99 656 126 698 ,‚
154 601 304 705 quando
331 601 498 677 adveniet
514 595 750 677 Antichristus
763 596 802 690 „i
844 595 905 677 De
929 599 1055 678 ultima
1073 601 1142 681 hac

103 714 328 793 desolatione
340 715 410 789 iam
434 725 538 789 antea
554 732 666 809 agens
683 706 760 803 sd„
773 706 872 789 Cum
892 713 1013 800 enim,
1039 710 1155 809 (ait),

102 882 129 922 „
158 826 339 922 sexaginta
367 824 446 902 duae
479 819 681 923 adimpletae
709 821 845 899 suerint
875 819 1144 915 hebdomades,

103 995 129 1033 „
159 956 195 1015 et
223 936 388 1017 Christus
420 934 600 1020 adsuerit.
656 946 694 1010 et
725 932 954 1032 evangelium
977 936 1014 1011 in
1038 938 1144 1016 omni

104 1107 129 1146 ,‚
158 1050 244 1127 loco
256 1047 368 1126 fuerit
378 1046 610 1148 praedioetun
624 1043 883 1123 consummatis
895 1046 1141 1153 temporibus,

105 1219 131 1259 „
161 1186 233 1241 una
268 1160 494 1237 hebdomada
519 1155 744 1259 relinquetur
766 1170 952 1246 extrema,
998 1160 1035 1235 in
1071 1182 1146 1261 qua

105 1331 132 1370 ,
159 1275 272 1351 aderit
294 1269 407 1358 Elias,
437 1287 474 1350 et
495 1265 642 1356 Enoch,
672 1284 709 1346 et
727 1269 765 1346 in
784 1266 938 1347 dimidio
956 1268 1062 1370 ipsius
1083 1294 1148 1373 ap-

105 1440 131 1481 „
162 1386 297 1485 parebit
313 1384 539 1461 abominatio
550 1380 800 1467 desolationis,
813 1404 946 1482 nempe
965 1382 1147 1461 Antichri-

106 1555 132 1593 „
162 1499 250 1583 slus,
277 1495 540 1574 desolationem
560 1493 702 1573 mundo
719 1493 952 1572 denuncians.
1011 1493 1145 1590 Quum

111 1666 134 1703 „
163 1633 250 1686 veto
267 1608 324 1686 ille
345 1599 550 1694 advenerit,
578 1605 759 1683 auferetur
782 1601 1013 1696 sacrificium,
1048 1622 1084 1686 et
1104 1606 1148 1684 li·

110 1777 134 1816 „
162 1723 311 1806 barnen,
342 1719 444 1818 quod
464 1717 580 1794 rnodo
597 1717 733 1816 ubique
752 1713 919 1794 locorum
942 1722 1148 1816 agentibus

109 1890 134 1926 ,‚
164 1832 318 1908 offertur
338 1829 473 1920 Deo„s
533 1823 578 1904 Et
603 1826 694 1901 insta
712 1823 752 1913 b)
768 1829 805 1902 in
834 1828 990 1905 eundern
1012 1827 1149 1907 Danie-

111 1945 155 2021 lis
174 1944 323 2027 locum,
355 1938 485 2033 „Tres
503 1934 628 2035 (ait,)
656 1960 741 2014 cum
766 1936 920 2015 dimidio
937 1962 1055 2017 annos
1073 1941 1148 2020 An·

111 2112 134 2148 „
163 2051 312 2131 tichristi
336 2050 553 2150 fignifiearit.
612 2047 778 2148 Tempus
800 2051 898 2127 enim
924 2074 1080 2142 annum,
1107 2067 1149 2135 et

112 2224 136 2262 „
164 2181 327 2263 tempora
360 2165 451 2241 duos
469 2185 613 2247 annos.
659 2160 838 2239 dimidum
859 2184 945 2240 vero
972 2166 1149 2265 temporis

111 2332 137 2372 „
168 2276 359 2354 dimidium
383 2277 497 2361 anni,
535 2270 714 2372 intelligit
773 2270 821 2352 Hi
851 2272 933 2353 sunt
959 2274 1058 2353 mille
1082 2275 1152 2353 du·

114 2446 138 2484 „
168 2390 263 2467 senti
275 2391 472 2488 nonaginta
488 2388 580 2470 dies,
597 2408 691 2489 quos
712 2387 877 2486 praedixit
890 2385 1045 2475 Daniel,
1061 2411 1150 2469 cum

112 2558 135 2596 „
165 2500 358 2598 adimpleta
378 2502 485 2577 suerit
509 2496 639 2598 pallio,
666 2515 703 2576 et
718 2498 805 2575 saera
829 2498 938 2578 suerit
957 2498 1149 2599 disperfio,
1196 2522 1217 2601 't

115 2670 138 2708 „
169 2611 338 2712 prasente
360 2611 598 2703 Antichrill03
634 2612 671 2685 in
688 2610 813 2686 diebus
833 2609 902 2687 illis
921 2614 1151 2710 cognoscen-

114 2782 137 2819 „
168 2742 226 2801 tur
244 2721 403 2801 universa
427 2720 512 2798 haec.
570 2719 617 2800 Et
641 2735 862 2820 atempore,
892 2744 971 2821 quo
990 2721 1152 2801 ablatum

113 2889 139 2930 „
167 2835 273 2911 fuerit
289 2838 373 2930 iuge
389 2831 623 2919 sacrificium,
652 2833 759 2909 etiam
781 2832 858 2909 dies
879 2833 977 2912 mille
1002 2835 1152 2913 ducenti

115 3002 139 3041 „
169 2948 366 3043 nonaginta
393 2944 628 3045 computandi
656 2942 761 3037 sunt;
800 2943 1031 3025 abundabit
1021 2947 1152 3046 iniqui·

113 3076 219 3154 „tas
240 3056 449 3134 lienteriam
467 3056 653 3136 Dominus
688 3054 791 3134 dicit:
837 3052 1016 3159 Quoniam
1040 3054 1152 3135 abun

115 3171 222 3248 davit
253 3170 451 3265 iniquitas,
488 3166 692 3268 refrrgescet
740 3167 899 3247 charitat
945 3165 1156 3250 mullorum

119 3281 239 3378 Quod
285 3280 549 3358 hebdomadam
590 3284 720 3359 attinet
757 3277 921 3360 Danielis
964 3282 1150 3373 ultimant,

116 3418 248 3496 quam,
277 3410 318 3470 ut
343 3395 413 3469 iarn
435 3396 663 3478 notavimus,
692 3396 853 3492 punitio
871 3393 1155 3473 consummatio·

120 3530 169 3583 ne
187 3506 310 3583 mundi
333 3504 367 3582 S.
384 3499 631 3605 Hieronymus
647 3507 754 3582 etiarn
771 3508 809 3581 in
829 3520 937 3606 caput
956 3504 1025 3585 IX
1055 3504 1151 3587 Dan.

121 3638 185 3713 24
216 3615 263 3695 fic
284 3616 460 3716 explicat.
518 3632 559 3696 ut
590 3639 669 3693 eam
706 3615 842 3694 diuidat
881 3621 918 3694 in
945 3614 1028 3697 Elias
1060 3631 1153 3697 tem·

120 3753 211 3833 pora
236 3742 274 3808 et
295 3728 527 3819 lluticbriffl.
567 3736 609 3805 tit
633 3723 751 3806 tribus
763 3726 873 3826 semis
901 3733 1003 3809 annis
1021 3729 1154 3809 ultima

881 3838 1098 3923 hebdomade

163 4009 450 4092 e)n.22.p.rtos
512 4008 809 4095 apuam.
1093 3992 1099 4001 '
1207 3992 1216 4057 l
