2506 4958
136 174 141 189 ’
278 242 428 320 regnum
462 211 590 304 chrisi
615 216 655 291 in
681 206 793 292 inan·
818 236 846 291 c.
875 209 1033 295 XXII..
1065 222 1145 313 io?

107 391 234 492 plutio:
290 383 380 464 Non
413 381 575 480 alligabis
609 402 651 456 os
678 379 775 455 bovi
793 378 981 455 trituranti.
1040 378 1140 473 „Em

112 560 136 598 „
165 501 302 600 dignus
322 496 373 574 eli
388 498 570 596 operarius
588 491 753 569 mercede
772 491 839 567 sua.
853 547 875 582 „
934 489 1005 570 Ubi
1025 496 1143 593 probe

113 612 345 695 nomadum,
376 608 453 685 haec
486 606 529 682 ad
559 605 794 699 coustitutum
819 625 837 677 a
866 604 899 680 se
923 606 962 680 in
988 601 1143 685 Ecclesia

112 725 307 808 mussitem
331 720 422 806 dici,
452 741 561 817 quern
588 718 752 808 instruit3
782 715 894 794 allatae
916 729 1035 794 autem
1051 717 1143 813 plle.
1217 724 1221 733 '

114 839 284 940 poenes
308 831 493 937 produnt,
525 828 704 926 duplicem
728 825 907 904 honorem
933 850 1017 905 eum
1048 826 1139 922 else,

112 971 228 1051 quem
258 959 335 1025 tum
362 946 400 1019 in
428 943 622 1018 reverentia
652 941 767 1017 debita
794 941 912 1039 pallor
939 943 1141 1023 animatum

113 1057 306 1161 exposutt.
335 1074 420 1134 cum
442 1056 547 1130 etiam
567 1051 665 1153 quod
690 1050 876 1129 decentem
902 1055 980 1128 vita
999 1055 1141 1135 cultum

86 1175 268 1275 ,attinet3
311 1190 357 1244 ue
392 1165 488 1242 sorte
524 1189 606 1240 eurn
648 1187 694 1240 ex
732 1163 930 1242 humilitate
964 1164 1145 1267 respueret

115 1279 366 1375 Timotheus,
398 1280 434 1354 in
467 1276 584 1361 sidu,
603 1277 750 1360 vestitu,
774 1274 987 1376 reliquoque
1017 1276 1143 1359 habitu

116 1391 242 1496 quoad
266 1391 391 1468 statum
406 1402 595 1465 externum
614 1391 719 1464 etiam
740 1385 988 1464 honorabilem
1003 1412 1021 1465 a
1038 1393 1144 1468 mini·

116 1501 337 1586 sterlosacro
357 1499 450 1577 liaud
465 1500 641 1583 alienum,
670 1522 736 1576 nec
758 1499 993 1599 respuendum
1010 1503 1053 1578 ab
1069 1500 1143 1580 hie-

117 1614 274 1708 ratchis3
307 1635 383 1690 non
404 1610 551 1712 quidem
576 1609 716 1709 qualem
748 1612 955 1688 damnatum
977 1615 1011 1689 in
1029 1611 1143 1693 Paulo

117 1724 352 1808 samosateno
373 1724 548 1820 legimus,
580 1721 759 1821 tesputum
785 1746 871 1799 vero
892 1747 911 1800 u
935 1723 1143 1805 sanilillituo

118 1834 251 1920 Africae
278 1835 431 1913 antistite
461 1834 667 1936 Cypriane),
698 1832 849 1932 dequo
884 1828 1034 1913 Pontiu's
1067 1842 1169 1917 eius·

117 1950 296 2029 diaconus
324 1949 360 2023 in
390 1945 485 2022 illius
509 1947 576 2019 vita
607 1944 767 2018 testatur:
798 2000 820 2034 ‚,
847 1943 936 2020 Non
963 1945 1061 2022 illum
1088 1947 1146 2027 su.

119 2117 144 2158 „
173 2061 296 2163 perbia
325 2056 494 2136 saecularis
528 2053 726 2138 inflaverat,
759 2077 825 2130 nec
858 2071 977 2132 tamen
1001 2058 1147 2158 ptotsus

119 2229 145 2269 ,‚
164 2170 329 2263 aueum
360 2171 507 2268 penuria
543 2166 754 2243 sordiderat:
786 2169 868 2266 quia
901 2165 974 2246 hoc
1005 2169 1148 2248 vellitus
1181 2174 1199 2208 ⁸

122 2341 145 2380 „
175 2306 291 2383 genus
312 2305 332 2358 a
356 2280 515 2357 iaslantia
545 2281 662 2353 minus
689 2300 763 2353 non
791 2279 860 2366 eli,
892 2301 999 2380 quam
1028 2282 1151 2361 oslen-
1187 2272 1190 2276 ’

122 2453 146 2490 ,,
177 2411 249 2472 tata
285 2393 399 2470 taliter
436 2389 621 2467 ambitiosa
663 2388 896 2488 frugalitas„
968 2390 1074 2471 Teste
1110 2392 1145 2474 S.

123 2505 330 2605 Augustino
341 2503 379 2591 u)
395 2502 428 2580 S.
450 2502 675 2601 Cyprianus.
702 2557 724 2590 „
743 2501 896 2600 collegas
913 2501 993 2580 suos
1012 2504 1148 2583 suudut

123 2675 147 2714 „
179 2614 348 2693 insidiosis
379 2613 559 2690 fraudibus
594 2616 785 2711 rapientes,
826 2614 937 2692 usuris
976 2615 1149 2717 multipli.

125 2786 150 2824 „
181 2729 344 2805 cantibus
370 2726 491 2803 suenus
517 2741 709 2821 augentes,
753 2745 910 2820 quorum
937 2729 1148 2815 avaritiam,

125 2897 150 2934 „
183 2863 261 2915 non
294 2839 370 2914 leve
401 2836 548 2936 aliquod
584 2837 731 2916 vitium,
761 2833 819 2908 sed
853 2831 921 2910 else
950 2835 1150 2917 idolatriam

126 3009 150 3046 „
183 2950 376 3027 seeundum
414 2946 615 3047 apostolum
662 2944 861 3029 intellexit,
904 2969 971 3044 pto
1005 2949 1150 3027 unitatis
1248 2954 1251 2961 '

128 3119 152 3158 ,‚
185 3061 330 3138 uinculo
369 3058 514 3160 pertulit
554 3057 663 3140 tales,
705 3079 772 3132 nec
814 3081 939 3132 eorum
976 3062 1151 3157 contagio

128 3230 152 3268 ‚,
183 3173 290 3249 stilus
325 3171 374 3248 est
404 3169 508 3246 talis:
536 3168 680 3245 dil'cellrt
704 3169 757 3241 ub
793 3171 841 3244 eis
876 3159 1154 3250 dissimilitudine

128 3342 153 3380 „
185 3307 354 3369 morum,
386 3299 461 3357 non
479 3278 648 3357 divisione
674 3281 995 3366 liurantentorum,
1026 3297 1062 3356 et
1085 3287 1153 3360 im-

131 3453 155 3488 „
187 3395 360 3472 munduut
390 3417 468 3470 uon
503 3395 641 3489 tetigit,
673 3390 729 3468 sed
760 3416 778 3465 a
807 3390 903 3468 saslis
935 3416 1064 3470 eorum
1093 3396 1156 3472 ab·

132 3564 156 3600 ,‚
188 3507 394 3593 hotrend0‚
426 3526 501 3580 non
530 3503 683 3580 seorsum
712 3502 867 3600 populos
893 3503 1114 3601 colligendo·
1131 3563 1154 3603 ‚,

133 3617 253 3711 Quod
275 3616 300 3694 fl
323 3640 412 3693 uero
435 3638 508 3691 non
528 3613 664 3712 semper
687 3613 834 3689 eandem
867 3616 1156 3705 moderationem

133 3753 265 3806 omnes
285 3728 465 3805 sacrorum
486 3726 654 3802 nntillites
672 3739 887 3810 tenuerunt,
917 3743 977 3802 aut
991 3730 1157 3807 ambitio·

133 3865 182 3918 ue
199 3842 307 3928 elati,
336 3854 398 3916 aut
414 3839 555 3914 avaritia
575 3836 729 3931 sedusli;
759 3859 802 3912 an
825 3836 906 3913 ideo
923 3837 1036 3917 aslum
1059 3837 1159 3918 fuisse

174 4055 252 4137 all.
274 4053 312 4121 ll.
333 4065 436 4118 contra
460 3945 736 4118 Gauderelltosat.
761 4068 791 4115 ι.
818 4059 866 4116 rol
888 4049 926 4119 Τ.
951 4050 1007 4120 ut
1033 3950 1157 4134 pdspe.
