2506 4958
230 231 384 309 regnum
405 204 535 300 christi
549 209 590 285 in
606 209 727 287 terris.
745 231 775 286 c.
793 200 912 290 XLV.
1028 231 1107 307 129

58 381 167 455 betur
183 377 219 451 in
239 371 556 474 pundatiooibue,
594 386 635 449 ut
654 384 810 460 vocant,
830 373 993 452 eiusdem
1013 400 1105 456 con.

59 486 168 586 sellus
191 488 237 564 de
261 485 433 563 facultate
453 482 675 584 dispensandi
696 488 732 560 in
753 500 851 565 voto,
868 490 1105 571 continentie
1164 584 1168 592 Ι

60 601 185 680 ordini
206 599 416 675 diaconatus
440 612 477 673 et
500 595 774 673 subdiaconatus
797 620 968 689 annexu,
995 617 1106 705 atque

60 713 286 794 solemnibus
310 712 405 786 votis
424 707 597 786 ordinum
618 707 873 808 religiosorum
896 726 934 789 et
956 711 1031 790 aliis
1051 707 1107 791 di·

61 826 334 927 spensationum
362 821 578 918 generibus,
622 841 773 921 quarum
797 820 1004 902 facultatem
1035 823 1107 903 lio.

61 938 159 1038 gulis
186 934 445 1035 quinquenniis
473 930 642 1009 hasienus
672 929 788 1012 Roma
818 935 1012 1034 petebant,
1037 939 1107 1016 ob·

61 1051 301 1146 tinebantque
322 1043 508 1145 episcopi3
551 1042 614 1120 has
643 1057 763 1122 autem
785 1044 972 1126 facultates
999 1049 1108 1151 quln-

64 1157 261 1263 quenoalee
288 1157 434 1258 prorsus
454 1153 582 1233 cessare
599 1154 729 1234 volunt
744 1157 822 1234 illi:
851 1157 999 1236 liberam
1017 1165 1107 1242 item
1160 1197 1162 1200 >

63 1268 337 1372 dispostionem
370 1268 526 1370 relinqui
552 1266 681 1345 volunt
711 1268 888 1371 episcopis
909 1274 1003 1350 circa
1030 1276 1116 1374 pias·

62 1384 315 1470 fundationes,
342 1403 399 1457 eas
428 1403 496 1480 pro
516 1380 620 1457 libitu
647 1382 823 1483 cuiusque
840 1382 999 1486 episcopi
1016 1408 1108 1465 con.

62 1513 117 1576 tra
141 1493 368 1572 voluntatem
389 1491 646 1580 fundatorum,
679 1507 788 1594 atque
816 1493 1032 1576 destinatum
1061 1499 1109 1576 ab

64 1608 136 1706 ipsa
159 1607 374 1685 fundatione
397 1601 531 1681 finem:
577 1603 690 1680 bullas
719 1605 920 1704 pontificias
951 1628 1029 1686 non
1053 1610 1110 1688 ui·
1244 1640 1248 1655 ·

64 1719 92 1799 fi
121 1739 166 1797 ex
190 1721 339 1796 arbitrio
358 1716 613 1815 episcoporum
635 1714 894 1813 suscipiendas,
923 1720 976 1797 uti
1000 1725 1108 1800 etiam

64 1831 326 1909 declarationes
339 1827 672 1923 congregationum
691 1823 937 1907 Romanarum
954 1830 1110 1909 saluber-

64 1947 163 2021 rimo
213 1937 364 2018 consilio
406 1937 683 2025 institutarum,
735 1932 897 2016 Nuntios
938 1942 1111 2040 apostoli.

65 2079 130 2134 cos
178 2048 407 2128 facultatibus
445 2048 633 2149 quibusvis
669 2046 881 2150 apontillce
917 2050 1112 2132 iustruilos

66 2159 181 2244 abesse
198 2153 391 2242 Germania
406 2153 560 2249 volunt,
576 2160 628 2240 uti
648 2162 753 2238 etlam
770 2160 933 2242 notarios
945 2158 1005 2242 seu
1025 2186 1113 2266 pro·

67 2277 273 2356 tonotarios
306 2272 537 2375 apostolicos.
596 2269 668 2350 Pro
706 2272 811 2351 libitu
832 2293 947 2376 porro
974 2275 1114 2357 restric-
1164 2351 1170 2377 ,

67 2408 146 2469 tum
171 2386 322 2467 sciscunt
349 2405 410 2465 aut
426 2389 661 2486 abrogatum.
693 2385 873 2488 quidquid
894 2387 979 2467 iuris
995 2387 1114 2468 hatic-

69 2527 138 2579 nus
169 2504 205 2577 in
224 2499 418 2578 Germania
445 2496 608 2597 pontifici
631 2495 700 2574 fuit
718 2502 755 2575 in
781 2500 1040 2598 dignitatibus,
1070 2522 1114 2581 ac

68 2609 253 2692 beneficiis
269 2609 527 2697 ecclesiasticis,
554 2613 661 2683 etiam
680 2608 875 2687 secundum
896 2610 1114 2690 Concorde-

70 2742 106 2804 ta
124 2725 347 2808 Germaniae,
377 2735 509 2796 mutuo
532 2719 634 2820 pado
658 2717 838 2798 firmatum
847 2741 861 2810 ,·
909 2722 955 2799 de
975 2725 1114 2800 annatis

70 2841 158 2915 item
178 2837 250 2910 dcc.
284 2829 378 2932 quast
400 2832 465 2908 suo
495 2846 531 2907 et
555 2829 808 2929 episcoporum
842 2832 920 2909 solo
961 2836 1114 2912 arbitrio
1156 2851 1159 2858 ’

71 2945 361 3046 transigendum:
383 2958 490 3042 atque
508 2942 749 3021 iuramentum
765 2945 809 3019 ab
828 2945 1004 3045 episcopis
1018 2942 1115 3024 sunt·

72 3086 137 3138 mo
158 3054 321 3160 pontifici
338 3055 490 3156 prestari
512 3053 655 3131 solitum
671 3053 963 3157 restringendum
977 3058 1047 3136 &e
1074 3072 1116 3138 ut

72 3194 163 3252 mox
192 3169 412 3250 articularios
440 3160 655 3244 videblmus'.

159 3330 230 3411 Etst
263 3355 350 3409 vero
379 3323 628 3429 punllationes
660 3322 716 3408 hae
740 3344 944 3410 contentus
966 3323 1117 3433 Emseni

76 3445 120 3524 srs
138 3446 331 3521 clementer
352 3468 370 3519 a
386 3440 522 3522 Caesare
551 3441 716 3543 susceptae
733 3440 826 3533 bnt,
858 3446 928 3520 iam
946 3457 1065 3521 tamen
1085 3446 1115 3523 iu

76 3562 207 3655 iugens
236 3557 361 3632 iisdem
390 3552 523 3631 lecerat
561 3553 810 3654 praeiudlcium
843 3554 924 3632 data
951 3556 996 3633 ad
1028 3553 1117 3637 Mo·

77 3670 274 3770 guatinum
302 3689 401 3743 anno
419 3666 644 3744 antecedenti
674 3667 992 3768 1785.epillola,
1021 3692 1115 3771 qua,

77 3780 180 3882 quod
209 3775 378 3855 beneficia
394 3782 542 3866 attinet,
566 3779 609 3855 ad
631 3776 764 3855 claram
789 3780 944 3857 omnino
961 3779 1118 3859 litteram

78 3891 245 3970 standum
264 3889 583 3995 inbaereudumque
602 3889 716 3971 sciscit
738 3889 980 3976 Concotdatie
1001 3894 1120 3972 natio·

79 4001 190 4084 Tou.
221 3999 267 4082 ll.
593 4000 613 4087 l
1005 4006 1062 4084 uie
