2506 4958
306 224 459 307 nagnam
476 197 608 298 Christ·
626 201 668 282 in
684 189 805 284 emir.
827 223 855 282 ι.
872 199 945 284 ult.
1078 224 1158 305 ³47

119 371 281 477 tyranno
305 367 519 456 Antiocho,
561 363 701 446 rediisse
735 379 914 455 mentem,
945 363 1096 451 Galerio
1122 372 1161 450 in

119 484 295 566 extremis
317 505 393 561 uon
424 480 542 559 solum
562 478 685 560 Deum
711 479 843 557 contio
866 478 1058 573 confiteri,
1102 506 1163 564 ve·

120 592 523 696 tumeliampolliceti.
550 591 585 670 se
613 591 860 670 restituturum
877 590 1162 697 Deiteruplum,

121 711 280 808 satisque
304 729 376 807 pro
403 704 535 782 scelere
563 701 768 789 luiturum,
827 703 934 781 edito
960 710 1069 785 etiam
1091 731 1162 808 pro

121 821 340 906 christianis,
384 815 490 919 quod
519 813 720 895 lauterius
739 813 881 904 affert,⁴
915 816 1043 898 edisio.
1100 819 1163 900 De

121 931 331 1014 Maximino
359 953 448 1007 aero
472 947 591 1005 narrat
608 928 732 1028 postea
756 982 769 1015 .
816 925 1027 1009 exclamaffe
1049 930 1160 1012 euin:

120 1101 147 1144 ,,
174 1043 264 1122 ficut
283 1045 329 1133 ii,
357 1044 421 1143 qui
435 1042 599 1140 torqueri
617 1039 753 1125 solent,
774 1052 811 1115 et
826 1063 904 1116 non
921 1039 971 1129 se,
994 1042 1052 1120 led
1073 1044 1162 1122 alior

120 1214 147 1255 ,
174 1152 291 1234 iecisse
312 1153 467 1232 dicebat.
522 1148 670 1231 Deinde
685 1147 785 1252 quafi
796 1156 986 1231 tormentis
1001 1153 1162 1244 adaiiun

122 1325 150 1366 ‚,
174 1262 378 1353 fatebatur,
407 1262 596 1344 Christum
613 1261 762 1341 subirrde
780 1265 996 1363 deprecans,
1027 1281 1064 1346 et
1084 1268 1165 1369 plo

121 1436 150 1478 „
177 1404 279 1466 raus,
307 1392 347 1456 ut
362 1376 490 1453 suimet
507 1376 740 1453 misereretur.
799 1374 858 1453 Sic
872 1380 966 1457 inter
978 1384 1162 1478 gentinus.

88 1538 90 1573 ÷
121 1548 150 1589 „
178 1514 279 1594 quos
305 1503 476 1590 tanquam
501 1500 744 1574 cremaretur,
785 1486 936 1575 edebat,
966 1506 1163 1571 nocentem

88 1649 94 1697 ι,
122 1660 151 1702 „
180 1605 343 1704 spiritum
359 1598 554 1680 detestabili
570 1600 704 1698 genere
727 1601 856 1677 mortis
875 1599 1021 1682 efflavit.
1075 1602 1165 1686 Hoc

88 1761 92 1811 ς
122 1771 155 1813 a
181 1715 299 1792 modo
325 1711 428 1791 Deua
451 1709 638 1793 universos
657 1710 901 1810 persecutores
928 1718 1088 1794 nominis
1113 1717 1164 1794 sui

121 1825 403 1924 „debellarit
443 1836 486 1902 ut
508 1845 639 1902 eorum
657 1843 726 1901 nce
752 1822 857 1925 liirpe
871 1844 944 1902 neo
967 1824 1071 1906 radix
1096 1828 1167 1908 ulla

88 1994 156 2047 μ,
182 1949 439 2028 ιιιιιιιιιιιιιιι,,Α
925 1981 927 1985 ,

88 2106 98 2159 Ι
216 2094 335 2191 Quod
353 2118 440 2173 reto
459 2095 574 2172 maius
590 2089 659 2171 effe
677 2034 800 2194 potuit
821 2063 1078 2194 argumentum
1098 2120 1169 2230 pro

94 2210 318 2320 diuinitate
350 2207 539 2307 religionis
572 2206 797 2293 christiana,
843 2231 955 2307 quarn
984 2208 1061 2289 hnc
1090 2213 1168 2288 eiua

88 2337 97 2390 r
124 2323 351 2426 propagatio
378 2322 473 2396 iuter
507 2320 699 2397 continuas
730 2317 1030 2420 persecutiones
1074 2314 1169 2401 inter

88 2448 99 2505 ι
124 2432 290 2535 flagrant
308 2442 514 2517 tormenta,
545 2429 644 2507 enses
661 2444 856 2518 etcrucet‚
888 2423 1169 2534 proscriptiones

88 2546 96 2620 ἰ
124 2559 168 2625 et
194 2559 347 2622 morter:
378 2558 419 2621 ut
444 2545 538 2621 iuter
557 2541 620 2618 bas
641 2541 847 2641 tyrannides
868 2539 1142 2626 Tertullianus
1132 2572 1171 2628 ru

88 2678 99 2732 r
124 2656 191 2739 sua
211 2654 382 2757 apologia
410 2677 483 2754 pro
506 2651 704 2730 christianis
727 2651 842 2751 palam
870 2652 1012 2731 edicere
1039 2673 1170 2756 potue-

88 2772 100 2845 ἰ
129 2773 203 2856 ait,
232 2767 443 2864 sanguinem
464 2761 739 2840 christianorum
759 2759 828 2841 else
843 2761 966 2841 semen
984 2766 1170 2867 religionis

88 2882 100 2963 l
129 2879 329 2961 christianae
360 2879 432 2952 iarn
445 2890 559 2959 tunc¹
580 2888 769 2975 tantopere
790 2874 1040 2973 amplificata.
1080 2878 1172 2958 utsr

88 3000 101 3078 l
129 2994 191 3071 ait
214 2992 249 3066 ui
272 2985 356 3066 elset
379 2984 601 3085 repellenda.
632 2986 826 3085 gentilibus
848 2986 950 3065 sacile
971 2988 1093 3070 iurent
1118 2991 1172 3071 su·

91 3130 102 3189 ι
133 3105 297 3208 periotes
322 3095 528 3178 christiani?
553 3095 655 3176 Tum
682 3120 774 3175 reru
798 3100 946 3198 integro
970 3101 1033 3180 iilo
1062 3106 1175 3183 trium

88 3242 105 3306 n
133 3214 342 3295 seculorum
360 3209 568 3297 interuallo,
599 3230 675 3309 quo
695 3211 878 3312 principes
898 3210 1035 3297 ethnici
1054 3213 1172 3294 dorni·

88 3340 107 3417 a
133 3326 313 3405 nubantur
337 3323 437 3408 orbi
469 3319 697 3402 manifestum
716 3316 804 3399 lecit
829 3320 993 3401 diuinum
1012 3348 1170 3418 numen,

88 3464 109 3531 ς
139 3437 208 3515 sua
235 3437 351 3514 solum
378 3436 572 3536 potentiae
599 3455 681 3510 noo
705 3447 855 3513 terrena
872 3437 1049 3542 cuiusque
1069 3439 1173 3521 rolu-

88 3546 202 3649 gille
227 3545 302 3625 hoc
325 3543 395 3625 esse
416 3568 522 3647 opus.

88 3619 111 3755 it
220 3705 339 3801 Quod
358 3707 446 3785 dum
467 3710 575 3810 prinu
565 3662 642 3785 illi
656 3704 833 3787 christiani
850 3711 1030 3811 principes
1043 3732 1061 3786 a
1076 3708 1178 3790 Con-

88 3806 113 3979 ξ
142 3819 300 3904 nantino
323 3817 352 3903 l
379 3819 465 3906 iude
484 3844 563 3907 non
586 3821 664 3903 satir
687 3822 727 3903 in
749 3823 912 3903 animum
932 3824 1175 3911 induxerunt

88 4070 128 4145 5.

1083 4002 1124 4067 ut
