2506 4958
305 187 458 324 regnunt
473 217 656 315 christan
666 222 787 303 terrm
806 245 835 303 c
849 221 914 305 ult.
1062 248 1138 327 341

107 391 272 473 inuare
288 392 401 469 etiam
420 386 485 466 seu
495 399 803 466 commentatores
825 412 929 489 regni
919 389 1141 472 cuiusdam

105 503 297 585 millenarii
333 497 494 579 Ecclesia
537 515 666 600 praeter
702 497 891 579 Ecclesiam
927 488 1142 582 militantem

104 640 265 746 regnum
282 613 440 693 Christi
431 614 608 699 interris,
637 612 739 713 quod
757 615 881 712 primis
898 611 1141 694 huiustrusla·

107 731 222 808 tionis
242 727 416 825 capitibus
444 721 688 810 discussimus,
727 748 770 802 ac
800 724 956 812 ultimis,
998 731 1139 831 mirati,

107 837 179 918 elle
202 839 384 938 hodieque
407 837 500 912 inter
526 835 751 924 christianos,
781 839 845 938 qui
866 841 1062 917 etiamnum
1087 865 1144 917 te-

107 975 228 1052 gnum
253 949 437 1050 quoddam
463 945 628 1025 Melsrae
619 971 657 1023 ιιι
685 965 794 1046 gente
813 947 971 1035 ludaica,
1018 952 1143 1050 stirpe-

108 1088 185 1166 que
212 1061 331 1141 David
354 1058 601 1160 praeilolentur
625 1061 769 1157 potius,
818 1084 928 1161 quam
959 1075 1000 1138 ut
1026 1087 1143 1160 agno.

110 1178 211 1255 scant
224 1172 460 1251 hierarchiam
476 1172 512 1246 in
529 1167 678 1247 Ecclesia
693 1171 886 1261 militante,
905 1197 1022 1272 regno
1037 1174 1145 1253 Chri·

114 1290 157 1366 sli
181 1287 359 1364 interris:
403 1306 512 1384 quam
534 1280 709 1360 aChrisio
730 1285 768 1360 in
790 1283 859 1371 suia
886 1285 1057 1386 apostulis
1089 1291 1145 1364 in.

110 1401 270 1478 stitutum
298 1398 336 1472 in
358 1393 584 1493 evangelio,
601 1394 647 1470 ab
669 1396 868 1497 iisdemque
882 1409 960 1474 tam
977 1412 1149 1498 potenter

111 1517 252 1590 contra
267 1531 416 1586 omnem
430 1507 642 1607 potestatem
661 1507 767 1585 huius
786 1508 892 1586 seculi
913 1510 1146 1590 constitutam

111 1622 219 1725 plena
240 1621 471 1705 ausintitate,
491 1638 537 1694 ex
565 1618 647 1694 aslis
676 1634 712 1696 et
737 1617 872 1717 scriptis
894 1622 1146 1721 apostolorum

115 1750 190 1813 tam
213 1733 406 1811 luculentis
421 1731 632 1806 testimoniis
650 1728 991 1819 demonstravimus,
1011 1759 1031 1810 a
1048 1759 1149 1836 prin

114 1849 198 1946 cipe
219 1844 410 1945 prasertim
427 1839 737 1940 apostolorumD
754 1838 883 1918 Petro':
898 1846 1000 1920 cuins
1016 1840 1151 1923 succes·

115 1957 240 2036 sorum
253 1977 463 2056 quisquam
495 1950 537 2038 li,
565 1975 774 2052 quamtum
791 1953 963 2030 Ananiam
975 1967 1011 2031 et
1027 1955 1153 2055 Saphr

117 2094 218 2156 ram,
236 2069 453 2144 severitatem
470 2079 674 2153 exerceret,
696 2066 821 2166 quanti
838 2065 957 2166 queso
975 2065 1155 2173 clamores

114 2179 266 2261 fierent?
295 2177 410 2257 Cuius
427 2192 547 2255 tamen
562 2174 651 2253 l'edis
667 2175 771 2255 Petri
783 2189 823 2255 ut
842 2172 1030 2256 eluderet
1022 2180 1157 2279 prima

119 2309 201 2371 tum
238 2289 454 2368 dudliffimus
486 2288 645 2386 alioquin
675 2286 882 2366 hierarchia
917 2289 1154 2372 ecclefiasticae

119 2402 271 2484 assertor
292 2401 385 2480 llen.
405 2398 641 2488 Dodwellus,
680 2405 806 2500 potins
825 2404 1017 2501 primatum
1039 2427 1154 2503 quen-

121 2519 204 2595 dam
229 2513 389 2594 Ecclesrae
412 2515 602 2612 primitivae
623 2514 659 2586 in
688 2513 813 2612 primis
840 2510 999 2592 Eccleliae
1022 2513 1156 2594 Hiero·

120 2628 345 2729 solymitanae
375 2621 579 2725 presulibus
608 2644 653 2700 ex
680 2622 815 2699 familia
831 2622 984 2713 Christi,
1020 2625 1155 2704 lacobo
1224 2676 1235 2723 2

122 2737 490 2838 nainure,Symeone
502 2736 573 2812 &c
584 2731 678 2835 quas
694 2757 756 2834 per
770 2736 1013 2834 nepotismum
1031 2760 1158 2838 quem.

124 2853 210 2929 dam
238 2849 466 2937 comminisci,
482 2846 625 2931 volui—t,
665 2838 782 2946 (quae
800 2847 900 2923 brevi
926 2849 1040 2926 excisa
1069 2850 1158 2927 urbe

125 2963 297 3063 disparuit
313 2958 435 3048 sedes)
450 2982 557 3058 quam
573 2957 768 3056 agnoscere
788 2961 824 3034 in
842 2958 921 3037 sede
940 2958 1052 3045 Petri,
1078 2982 1160 3062 quae

126 3076 296 3156 hactenus
311 3067 518 3148 inconcussa
533 3069 680 3171 perstat,
697 3070 1016 3174 ausloritatemque
1032 3069 1161 3150 Petrus

127 3188 225 3268 suam
249 3183 452 3264 constanter
472 3187 509 3262 in
525 3180 779 3260 successoribus
807 3181 873 3262 suis
896 3184 1060 3263 adversus
1080 3207 1164 3260 οιιι-

129 3325 211 3385 nes,
230 3304 291 3400 qui
310 3294 365 3373 vel
379 3295 566 3376 Ecclesiam
584 3293 767 3371 schismate
783 3293 1000 3382 scinderent,
1033 3296 1088 3372 vel
1107 3318 1164 3373 er·

130 3415 273 3496 roribus
300 3413 613 3493 contaminarent,
645 3408 801 3482 exeruit:
838 3407 957 3507 quales
978 3408 1164 3486 hereticos

132 3527 272 3626 primos
314 3523 428 3598 modo
461 3520 697 3597 indicavimus
737 3516 947 3595 christianos
983 3519 1164 3595 iudaizan·

133 3652 214 3723 tes,
261 3638 325 3734 qui
364 3634 548 3714 Christum
590 3651 731 3706 merum
767 3630 954 3708 hominem
972 3631 1161 3709 dicebant.

134 3745 203 3827 llla
242 3746 288 3823 de
318 3744 438 3824 haereh
481 3741 650 3824 Eusebius
686 3739 813 3820 caesar.
844 3740 883 3832 a)
916 3743 1164 3821 testimonium

648 3870 683 3951 Y
715 3889 735 3962 3
953 3871 1110 3953 audonis

68 3970 75 4035 β
177 4035 212 4109 ι)
228 4029 291 4096 Lib.
305 4027 340 4094 V.
364 4027 436 4095 Hist·
458 4025 530 4093 eccl
555 4046 581 4092 c.
601 4037 651 4100 28.
