2512 4620
294 225 446 304 regnum
467 196 598 297 curisti
615 200 655 279 in
673 201 794 280 terris.
814 220 843 278 c.
861 195 938 279 LV.
1051 220 1132 295 291
1192 217 1195 224 ’
1235 228 1238 235 ’

94 429 123 470 „
151 396 191 451 re
211 383 346 471 queat.
369 381 432 446 aut
450 362 671 465 gloriosum,
702 377 739 441 et
762 356 1013 440 honorandam
1028 361 1138 442 Chri·

89 543 122 582 ω
151 486 192 563 iii
207 503 354 560 crucem
371 537 406 572 ‚,.
449 475 614 558 Hebetur
630 489 744 577 porro
757 470 922 556 ‘eiusdem
939 490 1138 576 urgumeru·

98 601 129 679 ti
156 596 275 673 sermo
293 591 340 669 T.
360 589 421 669 111.
445 613 480 691 p.
512 600 600 682 ¹40·-

234 1011 236 1014 ,
343 864 669 1052 ΙΟιιθιυτ
726 912 826 1007 XV.

163 1097 197 1178 8.
229 1090 482 1195 chrysostomus
510 1095 550 1169 in
577 1079 752 1192 epistolum
776 1080 829 1171 il.
865 1080 1011 1196 Μαί.
1034 1083 1087 1177 ῘῙ.

101 1207 157 1384 S
202 1258 256 1339 lo.
272 1257 553 1359 chrysostomus
568 1250 671 1333 hom.
688 1244 716 1334 l.
734 1248 770 1332 in
786 1255 885 1355 epist.
903 1255 947 1335 11.
970 1260 1015 1337 ad
1032 1258 1147 1339 Thes-

99 1466 105 1477 ·
163 1348 180 1381 ⁸
211 1368 441 1449 salonicenses
454 1365 590 1446 fabulas
609 1382 700 1446 tuuc
711 1357 758 1445 de
775 1366 997 1449 Antichristo
1011 1377 1047 1449 in
1065 1373 1148 1451 vul-

97 1507 177 1589 gus
187 1496 393 1583 pervagatae
405 1496 548 1569 notans,
564 1480 688 1557 utilem
700 1481 808 1557 uobis
817 1476 906 1559 dicit
921 1479 1022 1561 fuiffe
1036 1487 1146 1563 etiam

103 1591 476 1699 Theffalonicenssum
502 1591 767 1675 dubitationem
791 1637 826 1696 ³.
855 1603 898 1669 ut
930 1594 1009 1673 uS.
1033 1592 1148 1675 Paulo

107 1705 366 1811 percundendi
382 1704 507 1781 locum
525 1701 727 1789 sumerent,
756 1749 780 1794 ‚‚
797 1701 887 1779 Non
907 1706 1147 1803 enim'‘(ait,)

104 1872 134 1917 „
163 1820 232 1896 illis
257 1816 398 1902 solum,
429 1813 487 1890 sed
510 1810 617 1889 nobis
640 1830 792 1915 quoque
818 1812 898 1890 suut
922 1813 998 1894 haec
1018 1819 1147 1908 utilia,
1177 1887 1180 1901 .

107 1928 133 2027 J,
164 1945 205 2009 ut
244 1952 265 2004 a
288 1925 414 2003 fabulis
438 1922 664 2025 puerilibus,
709 1939 746 2001 et
772 1923 817 2000 ab
837 1924 991 2004 anilibus
1015 1930 1151 2008 deliriie

106 2099 136 2141 ,‚
165 2041 370 2118 liberemur.
429 2039 484 2114 Au
505 2058 582 2113 uon
605 2034 694 2136 saepe
709 2032 909 2124 audivistis,
940 2061 1025 2116 cum
1045 2043 1152 2140 pueri

110 2209 137 2249 ,‚
167 2150 311 2235 effetis,
339 2149 515 2249 quosdam
557 2146 670 2225 multa
702 2146 822 2227 dicere
840 2148 887 2225 de
911 2144 1150 2242 Antichristo.

110 2321 137 2361 „
167 2264 268 2343 etde
288 2258 569 2361 genuflexione:
595 2249 716 2339 adhuc
742 2261 839 2338 enim
863 2266 993 2340 teneris
1021 2265 1152 2344 nostrie

113 2432 140 2472 „
168 2377 297 2453 animis
314 2372 391 2451 haec
407 2371 719 2457 inseritdiebolus.
744 2389 785 2450 ut
804 2368 939 2472 dogma
955 2392 1151 2474 augeatur,

111 2543 138 2584 „
168 2502 204 2566 et
226 2511 292 2563 noe
314 2482 418 2585 poue
444 2485 620 2584 decipere.
677 2482 769 2562 Non
788 2484 863 2563 haec
885 2510 976 2586 ergo
1006 2506 1153 2588 preter·

110 2655 138 2696 ‚,
169 2595 309 2675 mififfet
324 2596 473 2683 Paulus,
500 2597 546 2674 de
567 2587 785 2673 Antichristo
802 2594 988 2685 differere,
1027 2597 1051 2674 fi
1072 2600 1155 2676 fuis·

111 2766 139 2807 „
168 2708 362 2787 sentutiliu.
421 2706 480 2784 Ne
497 2705 902 2808 ergohaecquaeramus.
947 2707 1155 2789 Nouenim

114 2879 140 2918 „
170 2819 218 2898 fic
236 2823 356 2895 veniet
378 2816 551 2895 inclinans
572 2841 713 2917 genua,
745 2817 803 2896 sed
832 2818 865 2896 se
878 2816 1031 2898 efferens
1052 2821 1157 2922 supra

116 2990 141 3030 „
171 2956 303 3018 omne.
332 2927 433 3031 quod
456 2926 559 3007 Deus
582 2929 740 3018 dicitur,
779 2945 842 3009 aut
880 2933 1034 3010 colitur:
1064 2933 1157 3012 adeo

118 3100 144 3155 ᾖ
174 3061 214 3123 ut
237 3041 436 3141 intemplo
464 3039 536 3120 Dei
565 3055 733 3144 tanquam
763 3039 887 3121 Deum
915 3042 1158 3132 seeollocet,

120 3157 416 3253 „ostentantem
460 3153 494 3230 ie
530 3151 598 3230 effe
634 3152 771 3233 Deum.
830 3152 1159 3250 Quemadmodum

117 3258 146 3366 ᾗ,
176 3271 271 3344 enim
297 3264 459 3342 diabolus
486 3265 615 3343 cecidit
648 3287 695 3343 ex
720 3271 947 3366 arrogantia,
978 3273 1027 3346 ita
1051 3271 1160 3348 etiam

118 3427 146 3476 1„
177 3383 238 3480 qui
264 3380 308 3456 ab
327 3376 403 3479 ipso
422 3393 609 3464 movetur,
646 3379 834 3457 instructus
851 3380 901 3458 est
919 3379 963 3456 ad
984 3403 1162 3478 arrogen-

124 3549 150 3588 ,‚
177 3495 261 3594 tium
278 3544 315 3582 „.
356 3488 394 3578 u)
416 3486 461 3568 Et
493 3487 594 3566 hom.
617 3485 677 3568 111.
715 3489 761 3567 de
784 3491 936 3592 persona
955 3490 1164 3572 Antichristi

127 3605 331 3684 sermonem
353 3603 539 3680 instituens
557 3597 596 3687 b)
614 3603 694 3704 quie
719 3600 762 3680 fir
792 3603 851 3680 uie
874 3602 967 3683 filius
990 3603 1166 3703 perditio-

129 3717 214 3803 nis.
257 3769 279 3807 ‚‚
298 3712 392 3806 Quis
416 3714 468 3812 est¹
495 3728 616 3794 eutem
643 3713 719 3804 ille,
762 3712 964 3818 (quaerie)
986 3715 1166 3818 Numquid

323 3934 335 3941 Μ
639 3845 675 3927 Τ
706 3867 730 3929 2
889 3908 913 3953 „
942 3850 1111 3936 Satanae?

156 4007 210 4089 4)
231 4002 270 4072 T.
293 4000 349 4073 XI.
372 4020 403 4084 p.
429 4018 497 4082 ςιι.
562 4004 596 4085 ir)
617 4021 646 4072 u
665 4020 694 4072 α.
716 4021 747 4088 p.
764 4021 837 4091 μς.
