2506 4958
165 257 316 337 regnum
330 230 461 330 Christi
474 235 514 314 in
526 206 648 317 tetris.
665 258 695 317 c.
710 228 818 317 XXI.
929 252 1007 337 ιςς
1043 168 1074 211 ³
1123 250 1159 329 j

91 400 119 479 ie
143 422 282 500 magno
298 423 468 479 numero
501 416 620 478 morte
638 398 797 477 violenta
818 399 1014 501 imperato·

142 510 314 591 Maximae
342 536 455 612 porro
485 510 660 589 Romanae
684 513 888 611 reipublicae
911 526 1013 591 erant
1101 598 1115 609 ,

90 628 212 717 itates,
242 626 398 725 quibus,
442 626 543 724 quod
571 621 783 711 christianos
812 623 1011 722 affligeret,

90 740 206 815 abatur
227 737 271 814 ad
296 737 434 815 lentum
456 736 565 815 veluti
587 738 798 824 interitum,
830 752 1014 835 ptaeennte

90 872 129 927 ,ae
154 850 272 948 gentis
305 847 399 925 fatali
426 848 515 925 cusu.
575 845 664 926 Haec
688 847 905 927 Pastoriniuc
933 872 1016 948 per·

90 985 136 1040 ut
158 961 202 1038 ad
222 959 367 1038 effusam
392 958 547 1059 phialam
577 962 731 1059 primam
762 960 875 1060 Apoc
904 957 1013 1040 XVI.

101 1072 291 1151 Romanos
308 1074 565 1171 imperatores,
588 1068 778 1149 Ecclefiam
798 1071 1013 1174 persequen-

90 1183 258 1284 imulque
281 1207 327 1262 ex
356 1206 432 1282 cap.
454 1179 541 1261 ΧΗ.
574 1180 762 1261 Ecclefiam
794 1185 918 1284 primis
943 1184 1014 1262 illie

89 1299 160 1374 tiu
186 1297 316 1375 dolore
343 1298 622 1395 parturientem.
663 1310 772 1397 atque
795 1300 831 1374 in
852 1295 1016 1374 solitudi-

89 1410 280 1509 iagientem
310 1406 413 1485 fistit:
454 1422 562 1507 atque
588 1409 693 1485 etiam
724 1407 1011 1508 persecutionem

89 1519 136 1598 iae
162 1522 199 1597 in
227 1517 348 1604 ,Perfia
381 1520 445 1598 sub
479 1519 615 1618 Sapore
645 1543 731 1619 tege
765 1520 912 1621 eiusque
935 1520 1014 1599 suo·

89 1634 168 1711 ibus
203 1634 340 1730 iungit:
371 1654 439 1708 nec
471 1654 548 1708 nun
579 1655 627 1709 ex
652 1656 732 1732 cap.
762 1630 856 1714 XX.
887 1634 1014 1710 diabo-

89 1751 244 1844 igatum,
292 1757 578 1844 regnaturosque
604 1767 688 1822 cum
712 1743 858 1823 Christo
878 1744 1014 1824 sanan

99 1858 227 1943 annia,
259 1855 370 1962 usque
393 1856 438 1932 ad
458 1855 812 1932 consummationem
838 1857 968 1944 seculi,·
992 1881 1014 1936 a

88 1984 146 2048 tto
163 1982 316 2053 autem,
363 1969 424 2068 qui
452 1981 566 2042 totam
595 1964 836 2067 Apocalypiin
865 1964 1013 2045 a'd.Ro-
1146 1984 1156 2003 “

90 2080 356 2159 debellatricem
376 2079 577 2155 sannorum
597 2093 763 2164 revocat,
794 2077 867 2156 huc
888 2081 1012 2159 omnia

88 2197 141 2270 ica
158 2193 311 2292 quadam
331 2189 417 2268 serie
443 2214 549 2291 acap.
566 2187 630 2268 lV.
664 2189 777 2292 usque
805 2183 946 2270 thtt.
976 2205 1013 2270 et

119 2304 234 2403 Apoc.
256 2303 526 2390 describuntur,
571 2304 837 2381 commentario
856 2305 893 2380 in
915 2302 1013 2402 Apo·

88 2414 131 2492 ian
147 2416 348 2493 luculenter
361 2413 540 2515 expofita,
563 2413 802 2492 demonstrata
824 2415 1010 2515 potroDu

87 2551 152 2604 uno
171 2525 413 2611 Bnnunouts,
444 2544 552 2627 atque
573 2532 678 2603 etiam
698 2528 742 2603 ab
764 2524 856 2606 He'n.
874 2526 1014 2606 Bullin-

87 2636 232 2728 aiserta,
264 2637 440 2737 Zwingiii
463 2638 559 2739 apud
575 2637 778 2736 Tigurinos
793 2638 1008 2727 successore,
1108 2701 1112 2707 .

91 2774 173 2828 men
220 2767 372 2852 uterque
409 2751 468 2827 hic
511 2752 547 2824 in
584 2749 788 2828 Romanam
822 2748 1010 2828 Ecctefiam

87 2863 283 2963 'chiamque
306 2859 691 2964 paratragoediaretur‚
727 2862 828 2962 quod
848 2865 884 2938 in
907 2863 1010 2940 illum

86 2992 163 3055 etus
194 2975 479 3068 animadvertit3
522 2971 713 3072 Zwinglio
744 2988 864 3050 autem
894 2976 931 3050 in
966 2973 1008 3051 ΙΙ.

112 3086 156 3163 ad
176 3084 297 3164 Thess'.
313 3086 355 3163 ll.
399 3088 559 3187 oprimis
591 3083 753 3166 Ecclefiae
783 3087 1011 3185 temporibus

106 3199 174 3277 visa
211 3199 261 3275 est
294 3201 477 3286 tentatio,
524 3212 621 3274 tanta
655 3197 780 3275 satanae
819 3200 1011 3297 operatio,

86 3314 150 3388 iam
173 3309 407 3398 sautiifflmis‚
447 3324 485 3388 et
508 3305 715 3390 donatianis
745 3308 920 3413 episcopia
944 3312 1014 3389 im·

86 3424 146 3501 :riu

86 3583 229 3686 lousque
257 3583 466 3661 temeritatis
497 3577 701 3684 proceffum
728 3583 806 3672 est,
847 3596 889 3663 ut
918 3582 1014 3662 haud

88 3699 181 3786 tint,
230 3694 391 3797 sintque,
438 3698 500 3795 qui
537 3697 611 3773 iura
645 3694 829 3773 sacrorum
863 3695 1016 3775 ethnicis

87 3833 103 3884 s
127 3809 348 3908 principibus
377 3807 605 3885 adscribenda
633 3822 782 3908 putent,
812 3831 919 3910 quam
937 3809 1015 3886 suc·

85 3922 176 4000 :ibus
217 3918 500 4023 apostolorum,
565 3942 659 4023 quoa
709 3922 780 3998 iam
817 3919 921 4020 supra
964 3922 1016 3999 vi·

843 4051 963 4130 dimus
