2506 4958
209 228 363 313 regnum
396 208 524 305 curun
551 216 590 290 in
617 216 735 294 terrie
766 237 793 292 c.
822 201 969 294 XVIII.
1013 213 1113 321 ὶ1ιὲ

67 381 129 457 caes
145 373 344 454 iniecisseut
362 396 509 463 uranum
527 376 853 475 prohiberentque‚
883 377 975 467 u)ne
991 376 1107 478 suque-.-

65 501 223 576 ruitur,
252 510 361 582 neque
397 486 556 562 docerent
589 491 794 564 innomine
833 488 919 582 Iesu.
978 491 1110 574 I’eteue

67 623 156 678 nero
185 610 220 678 et
243 594 389 674 Ioannes
420 597 678 695 respondentes.
709 600 878 675 dixerunt
904 603 951 676 ud
973 624 1052 680 eur:
1079 593 1111 694 n

66 709 194 802 iusum
209 708 254 800 est
271 713 311 785 in
326 708 500 807 conspersa
524 710 593 785 Dei
613 735 673 787 vus
687 716 803 806 potius
819 712 943 788 audire
959 769 969 800 ‚
1001 738 1108 810 quum

66 824 212 910 Deum.
260 822 422 897 indicere.
483 820 651 898 Iustitiam
682 822 835 923 respons
869 824 975 904 huius
1004 827 1109 905 Deus

65 960 142 1015 nou
157 924 276 1015 musto
289 933 369 1032 post
392 933 565 1010 miraculo
584 933 700 1040 voluit
719 929 917 1012 declarare:
948 935 987 1026 h)
1015 937 1106 1018 dum
1232 1000 1240 1021 e

66 1053 225 1133 iterum,
259 1061 294 1123 et
313 1043 471 1145 'quidem
503 1044 650 1143 ipsemet
679 1069 910 1146 „exurgens
941 1053 1108 1150 priucepu

66 1216 89 1253 „
119 1150 365 1244 sacerdotum,
385 1170 433 1234 et
467 1180 621 1243 omnes,
669 1160 731 1257 qui
764 1182 847 1235 cum
876 1160 939 1235 illo
974 1177 1107 1254 erant,

67 1320 89 1365 ,‚
110 1288 214 1369 penes
230 1289 313 1364 quur
341 1271 397 1344 ins
423 1278 500 1344 erut
516 1267 728 1366 sacrorum,
758 1267 883 1368 repleti
910 1268 994 1347 ZeIu
1021 1276 1110 1351 inies

68 1439 90 1474 „
119 1397 248 1460 cerunt
280 1404 406 1457 manue
446 1382 482 1455 in
518 1381 728 1481 apostolos,
759 1396 795 1467 et
821 1382 1018 1480 posuerunt
1043 1409 1111 1465 eou

68 1551 90 1587 „
120 1497 157 1570 in
176 1490 334 1599 custpdia
353 1491 504 1589 publicu
554 1492 710 1589 Angelus
730 1510 850 1570 autem
872 1492 1026 1572 Domini
1046 1512 1112 1596 per

67 1661 89 1698 „
120 1604 266 1681 nossem
284 1606 446 1703 aperiens
467 1605 586 1681 ianuas
609 1607 782 1691 carceris,
811 1620 847 1682 et
865 1608 1020 1683 educens
1044 1633 1108 1689 eos

67 1774 89 1809 „
118 1717 233 1794 dixit:
261 1713 335 1792 lte:
366 1731 403 1790 et
426 1714 553 1791 stantes
574 1715 766 1816 loquImiui
786 1720 822 1791 in
851 1720 991 1818 templo
1012 1721 1110 1816 plebs

68 1881 89 1921 „
118 1830 243 1905 omniu
267 1827 372 1902 verba
402 1829 480 1903 uitae
510 1827 625 1903 huius.
686 1827 875 1919 Quicum
911 1827 1107 1922 audissent.
1158 1868 1161 1878 ¹
1197 1894 1201 1899 .

69 1997 91 2033 „
120 1943 343 2017 intraverunt
367 1936 530 2015 diluculo
566 1941 602 2012 sn
626 1939 832 2035 tempium,
863 1953 898 2015 et
918 1943 1127 2031 docebunu¹

67 2099 89 2146 ·‚‚
121 2050 253 2129 nunno
280 2047 344 2125 hoc
372 2049 458 2126 abiit
481 2049 703 2146 magistratus
729 2072 813 2125 cum
842 2052 1030 2141 ministris,
1073 2068 1112 2133 et
1190 2062 1193 2071 '

67 2156 542 2257 „mmmmmn
546 2216 654 2236 .....
698 2152 1109 2261 Efflwwmm

69 2326 91 2369 „
121 2262 288 2375 princeps
310 2271 552 2349 sacerdotum·
574 2271 716 2348 dicens:
748 2269 992 2370 Praecipiendu
1021 2300 1111 2376 pru.

68 2383 1108 2486 „cwmmmm,rmwwfflnummmffioe

68 2554 89 2592 „
119 2511 157 2574 et
185 2510 268 2574 ecce
288 2492 445 2594 replestis
478 2484 661 2570 Ierusalem
692 2492 851 2571 dostrina
888 2499 1022 2589 vestra,
1072 2517 1110 2582 et

67 2667 89 2703 ,‚
120 2608 232 2684 vultis
259 2607 430 2683 inducere
466 2607 567 2704 super
605 2627 673 2683 nos
711 2607 916 2704 sanguinem
949 2610 1110 2690 hominis

67 2779 89 2813 „
122 2720 233 2795 istius.
293 2715 525 2816 Respondens
549 2729 666 2792 autem
695 2712 841 2803 Petrus,
888 2734 923 2796 et
950 2723 1112 2819 Apostoli

66 2888 88 2925 „
121 2831 327 2908 dixerunt:
369 2827 516 2905 obedire
551 2841 701 2927 oportet
745 2825 828 2905 Deo
860 2834 972 2929 magis
1002 2854 1113 2932 quam

66 2996 91 3037 ‚,
121 2940 345 3019 hominibus.
404 2939 505 3018 Deus
531 2957 671 3039 patrum
693 2939 897 3015 nostrorum
932 2941 1109 3022 suscitavit

67 3113 90 3148 „
123 3053 263 3139 Iesum,
294 3076 400 3151 quem
432 3069 496 3126 vos
524 3051 769 3135 interemistis,
798 3050 1047 3150 suspendentes
1073 3059 1114 3135 in

69 3218 92 3260 „
123 3166 238 3264 ligno.
298 3161 407 3240 Hunc
443 3162 645 3263 Principem
681 3181 716 3238 et
755 3161 974 3239 Salvatorem
1010 3162 1114 3246 Deus

71 3335 94 3369 ‚,
121 3272 291 3352 exaltavit
317 3276 462 3350 dextera
493 3274 575 3360 suu,
607 3275 651 3350 ad
677 3274 829 3348 dandum
860 3279 1114 3376 poenitentiam

73 3444 97 3481 ‚,
127 3376 264 3472 Israeli,
292 3399 328 3461 et
368 3382 603 3462 remissionem
647 3398 889 3484 peccaturum.
917 3443 938 3479 ‚‚
983 3377 1123 3467 Princi.

74 3490 1127 3599 pmnummmmmcmmmfflmnfflmm

74 3633 179 3693 rem,
210 3628 284 3683 non
311 3607 452 3706 qualem
476 3607 525 3682 issi
554 3604 616 3683 fibi
639 3605 820 3705 fingebant
844 3605 1031 3700 Messium,
1054 3610 1119 3716 qus

77 3739 233 3819 regnum
265 3712 363 3795 Israel
402 3719 632 3805 restitueret,
675 3732 738 3796 aut
769 3718 1016 3810 salvatorem,
1055 3732 1121 3827 qus

75 3845 224 3928 gentem
260 3831 387 3928 aiugo
414 3826 584 3907 Romano
620 3833 814 3908 vindicaret
829 3854 843 3925 3
888 3830 945 3911 sed
972 3835 1116 3934 qualem

76 3940 187 4023 Tou.
221 3939 245 4017 s.
559 3940 595 4017 H
983 3965 1064 4023 mo·

97 4047 134 4125 a)
157 4047 221 4110 ree
245 4042 296 4108 lv.
324 4052 369 4122 u·
432 4037 466 4125 r>
489 4044 549 4110 un
575 4043 609 4111 u
