2506 4958
365 38 1218 337 ‚u

561 418 584 445 S
733 424 762 447 tt

143 606 200 691 ⁸4
283 612 286 617 ·
365 616 368 623 ·
493 582 640 683 &obiit
660 586 823 670 miiitum

197 750 285 836 Hoc
301 753 417 853 igitur
431 750 482 831 eli
506 774 662 851 reguum
684 752 819 834 cunni
835 754 874 835 in
899 757 1030 845 tenir.
1061 750 1189 839 Eccle-¹

131 866 187 949 'da
203 864 381 970 militans.
407 862 510 967 quod
527 888 598 943 nor
618 868 807 945 narniam
826 880 1079 972 temporeprae
1093 896 1185 951 ocu.

137 980 183 1063 iic
198 978 397 1069 habentea,
424 979 635 1065 cernimur,
664 1000 745 1079 qua
764 978 922 1083 antiquio
938 975 999 1059 SS.
1019 981 1184 1065 Patribut

138 1110 213 1173 tarn
232 1092 383 1193 pervia.
412 1086 538 1190 plana.
580 1104 618 1167 et
643 1088 827 1193 perspicua
856 1087 927 1168 eise
956 1115 1033 1171 uon
1053 1112 1185 1196 potue·

30 1274 35 1283 .
89 1224 98 1237 ’
138 1218 237 1285 runt
294 1200 374 1281 lam
411 1200 515 1304 supra
547 1200 752 1281 audivimus
786 1202 821 1282 S.
851 1198 1096 1307 Hippolytum
1125 1207 1181 1289 M.

137 1319 243 1397 cuiue
274 1314 526 1415 interpretatio
560 1317 600 1391 in
628 1310 822 1393 Danielem
859 1321 1068 1419 nuperrime
1108 1324 1183 1422 pri·

25 1516 33 1545 Ι
137 1450 242 1517 mum
268 1426 363 1504 edita
380 1448 427 1505 ex
453 1424 539 1505 cod.
570 1422 680 1504 Rom.
703 1442 744 1505 ut
763 1424 814 1503 est
836 1426 882 1503 ab
900 1428 1040 1507 editore
1056 1454 1089 1533 p.
1112 1444 1177 1523 98·

8 1600 11 1615 .
135 1553 378 1625 annotatum,
406 1536 524 1641 palam
546 1538 656 1627 facit,
696 1554 770 1617 tarn
795 1536 930 1618 librum
952 1541 1112 1620 eiusdem
1143 1543 1180 1624 S.

64 1674 71 1683 ·
106 1642 309 1755 'lilartyrir
333 1650 376 1727 de
402 1645 644 1737 Annonem,
686 1672 794 1752 quam
822 1653 931 1729 etiam
959 1653 1001 1729 de
1023 1653 1181 1752 consum.

55 1838 58 1843 .
132 1767 290 1844 motione
309 1758 421 1863 seculi
439 1759 699 1865 interpolatum
725 1760 903 1863 quidem,
946 1765 1105 1843 eiusdem
1125 1783 1181 1847 ta·

88 1915 93 1923 ·
133 1896 219 1955 men
240 1872 310 1953 effe
336 1872 517 1962 rudioris,
562 1897 649 1953 curn
673 1876 710 1952 in
744 1870 894 1975 lingulis
920 1875 976 1955 hir
999 1879 1114 1959 tribur
1133 1880 1180 1958 li.

130 1985 208 2069 bria
226 1986 351 2065 eadem
381 1986 554 2065 habeatur
581 1984 778 2089 explicatio
797 1984 928 2064 somnii
945 1989 991 2064 de
1016 2009 1178 2091 quatuor

131 2099 377 2205 monarchiis,
400 2096 495 2178 rede
516 2096 667 2199 quidem
683 2100 723 2174 iu
749 2096 808 2177 lua
827 2096 990 2177 Domata
1009 2104 1177 2204 comple.

129 2214 233 2295 tione
247 2212 294 2290 ad
317 2208 576 2291 antichristum
605 2208 735 2297 relata,
765 2209 848 2313 post
876 2235 987 2312 quant
1010 2213 1175 2297 Christo·

127 2322 261 2405 ecoelo
283 2326 429 2402 veniens
453 2320 627 2401 iudicium
649 2322 790 2400 mundo
808 2321 858 2401 eii
873 2322 1043 2404 illaturus.
1101 2328 1174 2408 Sed

126 2462 208 2541 quae
231 2436 429 2537 sequuntur
457 2439 493 2511 in
521 2437 818 2536 interpretatione
850 2432 1010 2514 Danielis
1037 2440 1083 2516 de
1110 2443 1173 2519 be.

126 2552 190 2628 iiia
215 2568 367 2650 quarta,
414 2568 496 2648 qua
521 2550 722 2645 quingentis
754 2548 858 2624 annis
888 2563 1085 2646 regnaturo
1101 2551 1168 2642 fit,

18 2744 21 2751 ,
126 2662 208 2763 post
233 2658 417 2738 Christum
448 2671 574 2734 natum
602 2682 765 2759 nempe,
808 2666 981 2757 congruit
1010 2669 1169 2764 tempori

123 2770 200 2859 ilii.
250 2793 325 2871 quo
358 2768 566 2847 monarchia
591 2768 756 2849 Romana
787 2770 930 2872 ipsaque
962 2771 1080 2853 Roma
1111 2776 1170 2854 rie.

123 2880 291 2962 bellatrix
313 2877 519 2981 fundorum
550 2884 651 2960 iuxta
681 2880 980 2972 Tertullianum,
1027 2904 1067 2963 ut
1097 2892 1167 2968 iarn

123 2994 309 3082 diximus,
348 3017 390 3073 ac
419 2994 589 3096 deinceps
615 2992 680 3073 ino
712 2993 799 3073 loco
825 3016 941 3097 porro
973 2999 1168 3098 explicabi.

122 3130 225 3194 mus.
255 3110 396 3187 corruit
418 3105 523 3186 iecul.
544 3104 590 3183 V.
622 3122 663 3186 ut
681 3122 800 3184 tamen
821 3112 897 3187 eius
918 3108 1077 3210 reliquia
1097 3113 1167 3190 ser.

121 3236 211 3299 tatae
247 3223 284 3297 in
320 3216 476 3299 Oriente
509 3222 665 3319 imperio
698 3218 1105 3321 Constantinopolitano
1128 3239 1166 3305 et

120 3332 313 3437 polica-ex
333 3350 434 3431 perte
467 3330 662 3407 restaurato
689 3334 725 3407 in
752 3327 958 3411 Occidente
983 3338 1163 3435 imperio.

118 3469 240 3545 regno
274 3442 407 3523 Christi
432 3442 647 3540 dignitatem
681 3442 970 3544 maiestatemque
998 3449 1164 3527 contule·

117 3560 191 3634 tint
207 3561 306 3634 iuxta
331 3554 420 3633 illud
449 3552 576 3632 llaiaer
610 3564 644 3629 et
668 3564 773 3629 errem
801 3574 900 3651 reges
935 3562 1083 3633 nutritii
1108 3562 1166 3634 tui

118 3668 189 3747 dre.
242 3665 421 3747 Haiienur
440 3667 579 3765 experti
602 3666 723 3743 lumur
743 3665 842 3764 quod
858 3666 1037 3767 de‘lapide
1057 3671 1165 3750 Chri.

116 3780 171 3857 llo
202 3779 275 3856 lei'u
303 3776 511 3879 praediolum
540 3777 589 3854 eli
615 3774 778 3854 Danielis
799 3775 844 3856 ll.
878 3797 937 3869 ες.
982 3779 1057 3882 Qui
1077 3799 1164 3878 per.

115 3889 262 3990 aulierat
279 3888 451 3975 liotucm:
471 3884 590 3988 soiius
607 3886 652 3977 eli
670 3910 767 3965 mons
785 3911 959 3987 magnus.
989 3904 1023 3967 et
1039 3894 1164 3989 imple.

113 4006 173 4081 vit
196 3997 401 4097 universam
423 4013 575 4078 terrant.
633 3999 803 4077 Vidimus
818 4002 854 4076 id
879 4005 948 4079 ianr
977 4016 1059 4080 ante
1082 4008 1162 4084 mil·

110 4113 167 4200 le.
215 4132 252 4193 et
286 4114 388 4214 quod
420 4114 564 4191 excedit
588 4136 730 4196 annos,
775 4126 813 4190 et
846 4113 966 4192 adlruc
1000 4116 1161 4198 decurrit

111 4249 257 4316 erum,
278 4226 399 4311 donec
421 4226 595 4330 perdurat
611 4222 765 4328 prolem
790 4224 968 4321 seculum,
1000 4246 1162 4333 tempor·

1031 4428 1107 4514 qne
