2506 4958
155 577 210 667 36
511 556 655 656 Ecclesia
682 560 845 642 misticus
874 628 877 635 .

153 785 176 826 „
207 748 307 807 nunc
322 721 433 827 spacia
457 725 656 829 posteriora
671 725 892 814 volvuntur,
917 723 1084 806 secuturo
1102 725 1206 806 dein·

152 896 178 945 ,‚
207 841 254 917 de
281 839 451 927 sabbato,
482 838 585 940 quod
614 837 820 917 nonhabet
843 837 1049 938 vesperam,
1079 848 1206 943 requie

42 958 47 968 '
153 1011 179 1056 ‚,
209 952 342 1030 scilicet
367 951 597 1038 sanderum,
644 971 723 1051 quae
748 973 825 1027 oon
855 947 963 1028 haber
986 952 1120 1029 linem:
1162 969 1206 1033 ut

154 1123 179 1168 ‚,
209 1064 316 1144 huius
343 1060 496 1143 milliarii
511 1079 681 1164 tanquam
702 1065 771 1138 diei
791 1061 1014 1140 noviffimam
1042 1081 1204 1163 partem,

154 1235 178 1275 ‚‚
208 1198 288 1280 quae
307 1177 513 1254 remanebat
531 1178 644 1275 usque
668 1175 712 1252 ad
733 1178 930 1253 terminum
957 1176 1099 1263 saeculi,
1124 1178 1209 1253 mil-

153 1348 179 1390 „
208 1291 242 1367 lc
269 1313 385 1390 annor
408 1286 666 1389 appellaverit3
695 1311 742 1362 eo
766 1287 938 1387 loquendi
958 1291 1092 1372 modo,
1125 1314 1206 1390 quo

154 1458 179 1498 „
208 1423 288 1503 pars
311 1397 667 1500 fignificaturaltoto:
697 1413 759 1475 aut
778 1416 876 1477 certe
893 1391 989 1476 mille
1003 1422 1118 1477 annos
1135 1427 1209 1501 pro

150 1574 176 1615 ‚‚
205 1517 308 1592 aunis
321 1513 494 1590 omnibus
508 1511 614 1590 huius
630 1511 737 1590 seculi
752 1511 890 1613 posuit,
911 1529 951 1589 ut
965 1513 1120 1611 perfusio
1138 1544 1209 1594 nu.

15 1690 21 1717 ,
67 1678 71 1701 .
152 1685 175 1727 „
206 1647 309 1706 mero
326 1639 512 1704 notaretur
526 1626 596 1725 ipsa
612 1631 787 1723 temporis
805 1623 1005 1724 plenitudo.
1037 1683 1059 1717 ,‚
1100 1627 1204 1706 ldem

155 1740 192 1822 S.
223 1737 326 1818 Pater
350 1741 388 1814 iu
427 1734 655 1836 expolitione
685 1735 810 1814 Psalmi
838 1737 925 1813 sexti
953 1753 1089 1826 notat,
1140 1743 1209 1840 qui

155 1853 312 1953 septimo
337 1871 523 1937 ,annorum
554 1846 721 1926 milliario
755 1850 877 1925 iudicii
903 1850 998 1925 diem
1037 1851 1205 1931 sutorum

154 1966 348 2068 putarint,
396 1958 625 2038 successuram
663 1960 823 2037 oslavam
857 1959 1030 2050 tenuisse,
1061 1964 1205 2064 quaesit

153 2093 295 2156 aeternae
308 2074 521 2152 felicitatis
511 2077 667 2150 mitium.
728 2070 829 2149 Nihil
851 2071 927 2150 haec
947 2079 1077 2174 opinio
1100 2101 1207 2152 com.

153 2212 267 2268 mune
289 2186 398 2271 habet
416 2206 501 2264 cum
527 2207 567 2263 ea
591 2181 865 2269 chiliastarum,
894 2191 958 2286 qui
978 2187 1208 2266 resurrellio-

154 2324 240 2380 nem
259 2301 413 2401 primam
432 2316 646 2396 corporum
653 2300 830 2374 iustorum
849 2299 1071 2386 statuebant,
1091 2320 1205 2398 prout

58 2476 63 2487 .
151 2411 273 2493 seculo
310 2407 362 2490 X
395 2411 517 2487 Areras
562 2407 785 2488 Cretensis
775 2431 812 2486 m
856 2428 934 2510 cap.
968 2426 1032 2487 20.
1078 2414 1197 2511 Apoo.

152 2526 440 2604 millenariorum
473 2539 631 2598 mentem
661 2522 843 2619 explicat,
876 2539 918 2598 ut
949 2532 1068 2599 6000.
1099 2531 1203 2605 annio

153 2636 335 2716 transallis
362 2634 441 2709 iusli
469 2636 728 2709 tantummodo
770 2632 837 2708 fint
875 2635 1133 2722 resurrecluri,
1166 2655 1204 2717 et

153 2750 234 2847 post
256 2758 373 2821 1000.
400 2749 531 2819 iterum
556 2767 670 2820 annos
691 2770 820 2820 omues
845 2753 999 2823 omnino
1020 2748 1200 2827 homines.

151 2859 199 2938 V.
230 2853 324 2937 Beda
348 2873 560 2934 comment:
593 2860 628 2931 in
657 2853 706 2934 Ps.
727 2851 955 2937 LXXXlX.
985 2883 1042 2934 ro.
1088 2917 1111 2953 ,‚
1142 2863 1202 2940 seir

153 3027 176 3067 ,‚
204 2986 349 3057 artatus,
380 2970 459 3056 uit,
491 2969 596 3047 liuius
618 2968 723 3047 seculi
753 2971 858 3046 sunt:
890 2973 1032 3069 septima
1063 2974 1202 3048 dormi.

154 3141 178 3179 „
207 3087 370 3170 entium,
400 3082 510 3158 idest
539 3079 710 3169 illorum,
758 3088 818 3183 qui
848 3083 966 3159 adhuc
998 3084 1203 3184 exspoliant

152 3217 443 3294 „communem
476 3193 792 3271 resurreilionenr.
825 3195 946 3272 oslava
974 3216 1058 3270 vero
1088 3200 1202 3274 resur

150 3368 175 3406 ,‚
204 3311 398 3410 gentium:
445 3305 593 3405 quaudo
629 3305 814 3382 ooviffima
843 3330 941 3384 muru
970 3311 1198 3397 dellruetur,

150 3481 174 3520 „
199 3438 237 3500 et
236 3417 406 3523 quando
420 3417 556 3516 duplici
575 3396 669 3494 stola
680 3420 892 3506 vestiemur
925 3421 1079 3496 scilicet
1072 3448 1108 3497 m
1126 3427 1201 3498 ani

150 3593 173 3629 ,‚
199 3559 257 3610 ma
281 3548 316 3609 et
335 3552 551 3628 corporo„
583 3528 622 3605 ld
647 3531 747 3630 quod
768 3530 965 3607 commode
989 3533 1200 3613 sententiam

151 3648 186 3726 S.
205 3645 372 3725 Barnauae
399 3642 501 3740 supra
528 3640 668 3717 allatam
704 3642 748 3718 de
796 3643 937 3718 sabbato
979 3645 1087 3722 huius
1118 3652 1201 3724 virae

150 3757 317 3858 explicat.
376 3751 416 3843 u)
429 3753 488 3843 Sic
505 3752 539 3830 S.
558 3751 665 3830 Petro
683 3753 1046 3841 Damianisabbatum
1069 3810 1090 3848 ‚,
1109 3759 1200 3839 illud

152 3927 175 3963 „
205 3870 254 3945 ell
281 3868 468 3966 spacium,
514 3864 617 3964 quod
643 3868 691 3941 esl
721 3868 848 3954 odie,
889 3893 957 3967 qua
988 3875 1200 3957 morimur,

151 4039 175 4077 ,‚
207 3981 383 4080 usquead
416 3977 678 4054 resurreslionis
708 3979 831 4063 diem,
863 4004 939 4079 quo
967 3983 1131 4059 videlicet
1154 3978 1201 4061 ad

16 4102 22 4107 '
76 4141 82 4154 ι
151 4152 174 4190 „
204 4089 362 4172 tribuual
388 4093 511 4169 aeteroi
541 4091 669 4168 iudicis
689 4091 852 4170 resumtis
870 4098 1086 4196 corporibus
1111 4118 1202 4194 prae·

1017 4259 1040 4301 ,‚
1070 4209 1146 4286 seu·

193 4417 226 4494 o)
248 4411 298 4477 lib.
331 4409 377 4476 Vl.
406 4408 488 4491 epist.
512 4426 560 4491 η.
