2506 4958
331 267 483 344 regnum
505 238 637 331 cirini
657 244 699 319 in
719 245 835 321 terrie
857 259 886 321 ε’.
907 235 987 322 EX.
1104 260 1182 341 323

144 434 213 509 quo
232 408 321 487 horo
344 408 503 485 dominus
520 398 631 497 veiim
652 417 825 483 uenturus
844 399 893 497 ii.
953 401 1049 486 Illud
1064 416 1184 488 aurem

138 527 285 621 scitote,
317 515 533 619 quoniamst
548 519 670 616 sciret
688 511 902 615 paterfamii
898 521 972 608 iot,
1000 543 1069 618 quo
1090 523 1184 600 horo

132 634 205 738 sur
223 647 399 711 uenturus
426 628 527 732 effer,
555 626 730 728 vigilaret
748 635 889 726 utique,
921 642 956 708 ei
970 650 1041 711 iton
1052 632 1185 727 finerri

88 745 281 849 perfodi
296 735 559 843 domumfirom
588 737 669 819 Ideo
685 749 719 820 ei
732 762 794 819 uos
808 740 906 831 eilote
915 747 1058 841 parati.
1076 748 1183 843 quio,

88 903 97 954 q
144 885 224 958 quo
235 859 325 935 horo
341 880 411 933 non
436 856 594 955 putarit,
612 848 713 951 filius
727 852 882 932 hominis
905 860 1035 934 veniri
1087 858 1184 954 Qua

90 989 103 1063 ι
143 976 182 1050 in
211 970 343 1050 Christi
364 969 471 1047 verba
495 963 836 1069 SChrylostomus:
866 964 1103 1069 „Propterea
1129 972 1184 1049 di

88 1126 107 1181 ς,
143 1141 168 1179 ,,
197 1088 265 1171 cit,
295 1104 365 1179 quo
386 1078 476 1158 horo
493 1099 566 1156 non
587 1077 813 1178 exspedutir,
845 1095 887 1159 ut
907 1080 1081 1162 sollicitos
1104 1079 1186 1161 red·
1221 1082 1223 1087 ’

102 1213 110 1291 t
138 1240 167 1291 ·‚,
197 1197 278 1283 dat,
310 1211 346 1272 et
360 1196 500 1271 virtutis
517 1191 680 1270 colenda
705 1187 894 1271 studiosos.
951 1188 1185 1274 lltudaotem

88 1330 111 1407 q
143 1352 167 1404 ,,
196 1295 260 1385 libi
281 1307 382 1401 vult3
421 1300 781 1406 iricirentplerique
801 1298 990 1394 hominen,
1020 1307 1188 1408 quando·

88 1464 111 1519 ,4
141 1474 167 1516 ‚,
196 1441 279 1497 nam
300 1416 368 1496 {iot
392 1419 581 1506 morituri,
612 1409 837 1516 diligentiam
862 1416 958 1495 suam
976 1421 1069 1496 circa
1088 1417 1185 1498 illam

88 1583 103 1633 ,
139 1556 167 1628 1„
197 1529 293 1608 di'em
327 1529 552 1609 exhiberent.
610 1522 671 1608 Ne
694 1532 807 1628 igitur
832 1526 877 1606 de
908 1525 968 1606 illa
994 1531 1064 1610 sola
1090 1529 1189 1609 solli·

88 1676 168 1745 μ,
198 1646 260 1721 citi
287 1640 425 1730 elsent,
458 1660 578 1742 neque
594 1659 831 1717 communem
855 1638 960 1718 illam
973 1638 1096 1730 diem,
1124 1665 1189 1721 na-

88 1804 166 1859 „
154 1778 268 1858 ,que
301 1758 477 1855 cuiusque
519 1749 648 1826 boram
685 1747 915 1837 declararit.
965 1764 1007 1832 ut
1046 1750 1185 1855 semper

88 1916 167 2013 s„
154 1868 295 1964 ,illam
313 1863 576 1964 exspedlarent,
615 1860 825 1962 semperque
845 1861 976 1940 eodem
995 1860 1115 1942 studio
1133 1882 1188 1945 te·

143 1991 397 2076 „,nerentur
446 1976 532 2053 ideo
561 1976 738 2076 cuiusque
767 1976 848 2052 vltae
871 1969 980 2054 finem
1006 1975 1187 2060 incertum

88 2037 392 2205 ἑζίιςΙίιιυίιμ,
524 2112 526 2116 ’
931 2136 933 2142 ·

88 2142 143 2312 ἶ
230 2247 355 2329 Nemo
382 2243 611 2350 frequentior
643 2242 677 2327 S.
698 2241 887 2349 Gregorio
911 2240 967 2330 Μ
1000 2232 1044 2331 ut
1063 2244 1187 2354 pallini

88 2364 228 2446 ualias
251 2366 358 2445 etiam
389 2364 620 2450 notavimus
660 2359 697 2438 in
724 2360 797 2441 hoc
820 2379 1039 2462 argumento
1074 2364 1189 2447 versa·

88 2475 234 2567 '‚tur
265 2474 312 2555 lic
337 2474 438 2577 loqui
459 2460 605 2562 solitus,
636 2469 769 2574 quast
760 2496 829 2552 ram
850 2470 994 2554 instaret
1012 2489 1184 2578 tempos,

88 2600 224 2691 -quo
246 2587 290 2665 ad
312 2587 532 2686 vigilantiam
562 2584 789 2662 excitandam
813 2582 903 2662 nihil
930 2590 1188 2670 accommoda

93 2706 107 2751 *
146 2707 219 2781 tius
238 2701 299 2777 eil.
355 2752 377 2790 „
407 2695 486 2775 Cur
506 2699 603 2773 enim
630 2696 839 2792 (Andream
870 2695 1128 2779 scholasticum
1150 2700 1190 2790 a)

92 2818 170 2910 ²¹„
198 2805 419 2912 alloquitur)
438 2804 629 2907 magnifice
644 2805 712 2895 lili,
744 2828 820 2887 uon
840 2807 1070 2901 confideres,
1101 2813 1188 2914 quia

88 2932 109 2985 ῑ
143 2984 170 3024 ,,
202 2922 359 3005 mundus
380 2926 416 2998 in
435 2918 578 2998 lineest.
639 2916 777 3000 Omnia
805 2935 981 3021 urgentur
1002 2925 1187 3024 quotidiet

88 3044 125 3099 1
144 3095 170 3137 ,,
200 3037 245 3114 ad
269 3032 467 3112 reddendas
491 3034 646 3110 rationes
670 3047 807 3111 aterno
830 3048 867 3111 et
890 3036 1082 3114 tremendo
1098 3034 1192 3114 iudi·

144 3208 171 3250 „
200 3151 234 3228 ci
258 3148 439 3228 ducimur
496 3140 601 3240 Quid
619 3166 712 3245 ergo
741 3143 868 3232 allud,
897 3142 962 3223 nili
989 3143 1035 3225 de
1059 3148 1192 3226 adven

160 3278 242 3359 ,tu
260 3261 351 3338 illius
372 3258 536 3357 cogitare
559 3256 758 3352 debemus,
758 3256 788 3352 ,l
826 3254 1018 3389 iostquam
1047 3259 1194 3339 calami

88 3387 243 3496 ntates
266 3368 305 3461 o)
324 3366 453 3458 Romae
483 3366 711 3470 explicalset.
739 3372 893 3472 pergit:
941 3366 1045 3464 „De
1067 3373 1193 3453 vicinia

206 3499 326 3561 autem
351 3483 500 3565 orbibus
524 3481 657 3582 stragea
683 3482 850 3584 quotidie
877 3465 1105 3567 mortalitatis
1125 3508 1195 3563 ιιο-

88 3599 261 3699 &bis
282 3599 503 3674 nuntiantur.
565 3594 685 3681 Africa
708 3607 830 3675 autem
849 3593 1002 3696 qualiter
1035 3595 1195 3677 mortali·

209 3722 282 3786 tate
307 3723 343 3786 et
363 3704 602 3806 languoribus
625 3705 805 3798 tastum,
844 3721 985 3807 quanto
1002 3710 1196 3789 viciniores

96 3321 174 3380 K„

88 3748 321 3947 {estias
349 3827 454 3899 tanto
472 3816 612 3911 credo,
643 3819 751 3923 quod
772 3815 938 3899 subtilior
958 3820 1191 3922 cognovistis

669 3924 765 4013 Xe
1029 3930 1142 4028 „De

106 3994 210 4059 ⁸
154 3992 712 4197 o)l.lll....ep29'lll.p··⁸r5
756 4050 1196 4140 altimanniam
