2512 4620
470 179 887 296 'naariam

182 363 426 456 occafionem
443 392 605 455 narrans
623 369 663 455 S.
675 367 833 465 Lucae,
859 366 1002 481 eoquod
1014 365 1119 478 effet,
1146 369 1208 452 in-

117 522 121 529 ·
180 483 299 595 quit,
337 501 451 594 prope
478 477 674 588 Ierusalem
687 508 703 570 .·
742 500 781 563 at
815 480 906 592 qaia
934 477 1208 585 expiimarent,

181 590 288 706 quod
299 588 659 704 coorfeflim'regnum
678 593 750 675 Dei
766 586 1079 704 manifestaretur.
1137 591 1210 674 Di-

181 704 244 787 xit
261 730 372 812 ergo:
400 702 525 788 Homo
540 701 692 814 quidam
713 703 844 787 nobilis
860 702 954 787 abiit
969 706 1011 785 in
1026 703 1210 811 regionem

182 815 456 923 longingaam,
500 816 662 925 accipere
681 812 753 918 fibi
782 841 823 896 re
848 841 938 897 rrum
968 841 1010 898 er
1036 813 1208 902 reverti:

181 950 332 1037 nempe
346 926 519 1038 princps
539 951 669 1033 regam
688 943 797 1010 terre
817 840 983 1036 ἔΑρος.
1005 925 1032 1011 Ι.
1049 924 1124 1037 5.)
1170 924 1209 1007 ui

125 1128 144 1143 p
180 1034 317 1121 dilexit
330 1066 421 1134 nos,
448 1054 487 1119 et
503 1039 603 1122 lavit
621 1065 688 1119 mot
703 1064 727 1119 a
738 1037 903 1148 peccatis
920 1031 1050 1140 nostris
1066 1036 1108 1118 in
1119 952 1169 1144 β

176 1146 396 1258 grinosa,
413 1143 559 1261 erfecit
577 1176 644 1230 nos
658 1173 836 1255 regnum,
852 1165 890 1229 et
899 1144 1113 1254 sacerdoter
1128 1149 1208 1229 Deo

181 1279 222 1345 et
253 1260 363 1347 Patri
376 1257 460 1368 suo.
516 1260 643 1344 Cuius
666 1261 779 1370 regni
802 1258 841 1341 se
865 1259 1089 1343 consortem
1113 1281 1208 1343 mox
1245 1338 1248 1343 .

181 1369 225 1456 S.
237 1371 402 1458 loannes
420 1368 643 1467 declarans,
671 1369 776 1478 Ego,
804 1371 878 1465 ait,
910 1368 1066 1454 loannes
1078 1365 1209 1483 frater
1243 1402 1248 1469 i

181 1479 329 1587 vesler,
369 1501 407 1567 et
429 1484 614 1594 particeps
636 1481 678 1564 in
702 1478 963 1578 tribulatione,
1010 1501 1048 1564 et
1074 1508 1209 1591 regno,
1242 1490 1248 1567 't

181 1611 223 1678 et
247 1595 508 1706 patientiam
540 1590 677 1698 Christo
701 1589 795 1699 Iefit.
849 1592 918 1679 Est
947 1591 1032 1679 hac
1059 1592 1209 1678 Eccea·
1243 1594 1248 1677 i

181 1737 245 1790 stt
288 1738 480 1792 muratas
515 1737 685 1792 ananum
715 1705 886 1791 Cantent
923 1736 964 1789 m
1001 1734 1142 1789 Tanais
1168 1706 1211 1789 in
1244 1716 1248 1821 j

216 1816 387 1908 talentis
416 1819 508 1905 vita
534 1813 789 1900 tribulatione
811 1839 851 1902 et
883 1817 1070 1929 patientia
1093 1813 1210 1901 Chri·
1245 1833 1248 1844 ·

181 1840 231 2014 fii
252 1930 473 2043 paffionum
488 1931 709 2041 particeps:
739 1924 862 2011 veluti
882 1951 978 2011 tunc
996 1926 1210 2015 &loannes
1242 1846 1248 2037 ⁴

182 2035 263 2127 fuit
325 2069 371 2129 ro
403 2037 481 2125 fide
513 2038 683 2133 Christi,
724 2039 941 2232 postquam
968 2065 991 2123 e
1018 2034 1209 2123 ferventis
1246 2142 1248 2147 Ι

183 2148 264 2234 olei
292 2068 404 2239 Solio
428 2151 619 2235 immunis
643 2152 720 2234 exii
753 2173 813 2244 et,
846 2152 886 2233 in
904 2148 1089 2237 Pathtnos
1108 2147 1210 2235 rele-

184 2285 328 2377 gatus;
355 2259 522 2350 fuerunt
544 2287 642 2343 vero
668 2260 880 2371 Apoc.1V.
898 2290 938 2365 4.
960 2263 1035 2345 iarn
1054 2284 1149 2347 tunc
1169 2261 1211 2346 in
1245 2178 1248 2347 1

181 2370 287 2460 coelo
300 2368 415 2479 serpet
436 2373 589 2456 thronos
611 2370 757 2478 viginti
786 2391 948 2482 qualitor
963 2369 1130 2478 seniores
1147 2367 1210 2480 se-
1245 2376 1248 2483 i

181 2479 337 2578 motas,
362 2484 432 2596 qui
453 2485 583 2596 Apoc.
599 2481 649 2567 V.
668 2511 704 2587 9.
725 2481 978 2593 procidentes
991 2509 1125 2570 coram
1144 2510 1209 2595 ag·
1245 2498 1248 2583 j

181 2617 264 2689 no,
291 2617 450 2680 cantant
471 2596 670 2681 canticum
696 2619 851 2679 novum
876 2593 1073 2680 dieentes:
1103 2592 1210 2703 Qua·
1246 2590 1248 2637 ³

181 2704 287 2787 niam
307 2703 445 2814 occisus
465 2735 522 2804 es,
552 2724 590 2789 et
613 2701 794 2809 redemisti
810 2733 877 2791 nor
897 2706 977 2788 Deo
997 2705 1038 2787 in
1062 2705 1210 2813 sangui·
1246 2724 1248 2757 ²

183 2840 233 2899 ne
257 2837 321 2899 tuo
340 2845 387 2901 ex
410 2821 510 2904 anani
531 2814 656 2912 tribu,
684 2835 722 2901 et
748 2819 903 2924 lingua,
928 2835 965 2898 et
992 2818 1148 2926 populo,
1174 2830 1212 2897 el
1246 2873 1248 2881 ·

184 2928 364 3021 natione:
392 2948 429 3013 et
440 2925 566 3043 fecisti
579 2954 646 3010 nor
666 2927 750 3009 Deo
764 2926 880 3032 nostro
896 2953 1073 3037 regnatori,
1101 2946 1140 3011 et
1148 2922 1210 3036 fir
1245 2950 1248 3035 j

183 3036 375 3133 cerdotes:
400 3059 437 3124 et
458 3032 696 3149 regnabimus
717 3025 824 3149 super
849 3059 1003 3126 temam.
1042 3036 1211 3125 Redemi.
1246 3042 1248 3135 ῑ

55 3208 57 3213 «
176 3145 231 3255 lli
251 3178 319 3232 nor
346 3151 451 3247 Deo,
479 3171 629 3237 canunt
646 3149 688 3231 in
709 3133 936 3237 libertatem
958 3150 1148 3234 nimirum
1167 3147 1212 3231 fi-

181 3257 336 3455 liopim
345 3261 566 3463 pindicati,
586 3285 633 3349 ac
648 3257 816 3352 coelestis
833 3287 928 3351 curn
943 3258 1104 3350 Christo
1123 3262 1211 3349 vita

184 3395 235 3455 co
266 3399 343 3458 are
373 3399 428 3461 es.

241 3529 376 3618 Palam
401 3531 496 3618 hinc
520 3529 564 3616 fit
593 3529 800 3620 arctiffima
820 3532 988 3617 civitatis
1010 3531 1108 3626 Dei,
1137 3530 1213 3615 mi-
1241 3442 1248 3639 1

184 3636 333 3729 litantis
359 3643 540 3740 Ecclefiae
557 3645 728 3732 interris
747 3669 841 3729 cum
871 3645 1028 3731 civitate
1049 3643 1126 3731 Dei
1145 3643 1214 3729 tri-

187 3754 412 3867 umphante
430 3754 599 3844 Ecclcfia
620 3758 658 3839 in
675 3753 787 3841 coelis
809 3756 1064 3854 coniunctio,
1121 3778 1214 3839 uam

187 3864 297 3955 idem
315 3864 487 3963 dilectus
504 3865 651 3955 Christi
675 3862 896 3982 discipulus
916 3868 1044 3983 Apoc.
1069 3780 1161 3953 Χῖζ.
1178 3901 1211 3957 a.

1043 4003 1165 4092 aper-
