2506 4958
243 252 394 332 regrum
416 223 780 322 aurelianense.
801 222 920 311 XLV.
1036 229 1121 330 163'

66 397 211 477 ratione
239 407 448 498 parceretur
475 392 652 474 sumtibus
679 389 850 472 faciendis
877 417 949 498 pro
976 416 1114 479 eorum

64 511 247 611 dignitate
274 523 311 586 et
336 506 549 608 splendore,
595 507 658 608 qui
681 504 853 586 hadenus
875 521 957 615 tum
983 503 1117 590 Romae

62 647 152 702 cum
175 622 260 702 alibi
280 625 317 699 in
336 617 519 697 catholico
539 617 629 696 orbe
648 616 718 696 suit
739 617 980 701 conservatus.
1040 621 1116 703 Sed

65 739 166 814 enim
198 737 235 811 in
260 732 331 833 ipsa
356 730 473 832 papali
493 728 594 818 aula.
625 741 663 808 et
686 733 784 808 curia
810 749 888 811 non
912 729 1147 835 deprehen·⁸

64 848 168 924 ditur
192 845 301 930 sallus,
319 866 404 922 cum
425 842 517 919 luxu
544 840 611 919 illo
639 842 877 932 coniundus,
915 867 993 947 quo
1012 858 1117 928 setus

68 958 192 1038 Roma
213 956 362 1059 profana
382 952 549 1033 diffluens
565 954 681 1056 periit.
739 947 831 1033 Non
850 955 926 1035 illic
940 954 1128 1058 pretiosus*

67 1085 107 1149 et
133 1069 346 1148 numerosus
366 1065 453 1145 aulae
478 1065 535 1145 sel
556 1064 760 1145 aulicorum
780 1074 997 1169 apparatus:
1038 1094 1121 1151 non

65 1184 119 1260 ibi
159 1203 293 1283 pompa
323 1178 486 1259 secularis
514 1192 577 1257 aut
601 1176 836 1279 prodigalitas
864 1175 1028 1262 inludis
1056 1196 1122 1264 aut

68 1292 369 1395 lusibus,luxus
394 1294 431 1368 in
459 1293 661 1380 conviviis,
693 1314 762 1370 nec
786 1295 949 1372 venatica
972 1317 1123 1374 exerce·

66 1420 139 1485 tur.
200 1403 258 1483 Est
283 1406 333 1480 ibi
359 1426 497 1504 pompa
525 1427 568 1482 ac
590 1416 757 1493 ornatus,
806 1403 867 1484 sed
898 1407 1089 1508 religiosus
1104 1425 1121 1499 ς

66 1517 227 1621 pretiosa
244 1514 431 1618 suppellex
445 1518 546 1604 auri.
568 1517 731 1616 argenti,
753 1513 873 1606 serici,
891 1514 953 1597 sed
971 1520 1009 1597 in
1026 1534 1122 1600 tem·

70 1630 158 1731 plo;
188 1632 312 1732 ibique
334 1630 442 1706 aulaea
463 1626 695 1728 pretiosiora,
736 1650 845 1728 quam
866 1631 905 1707 sn
927 1623 1024 1711 aula:
1055 1629 1122 1712 ubl

68 1743 239 1842 pontifex
264 1739 330 1816 fibi
361 1754 397 1817 et
425 1736 588 1816 Ecclefiae
612 1741 705 1816 vivit
731 1737 940 1830 solitarius,
970 1762 1036 1842 per
1057 1768 1122 1823 ur.

69 1855 155 1931 bem
188 1851 360 1931 officiales
389 1851 547 1949 negotiis
573 1848 763 1949 religionis
788 1872 866 1950 pro>
885 1849 1039 1933 Ecclesia
1064 1855 1121 1934 dl.

66 1966 174 2045 stanti
202 1985 267 2062 per
295 1960 429 2063 gradus
459 1961 577 2038 varios
607 1947 781 2063 quidem,
810 1961 864 2058 {ac
890 1960 1085 2064 dignitates
1103 1982 1122 2057 ,¹

68 2079 203 2178 quibus
224 2096 388 2175 congrua
410 2086 612 2164 marceret
637 2070 951 2154 auctoramentum
978 2077 1120 2178 praeste·

72 2203 145 2266 tur.
204 2185 302 2267 Cum
323 2178 394 2263 sels.
412 2181 563 2264 XXIV.
575 2183 618 2262 de
636 2176 835 2285 Reformut.
851 2182 978 2269 inette
995 2187 1042 2267 de
1057 2210 1123 2268 ex·

68 2296 186 2403 pensu
198 2296 353 2378 Romam
368 2295 587 2376 faciendisin
601 2298 858 2400 episcoporum
869 2299 1122 2382 confirmatio·

68 2438 130 2500 ne,
144 2435 184 2489 ac
201 2411 244 2489 de
258 2412 440 2489 annatisin
454 2409 513 2489 SS.
528 2406 693 2489 Trident
710 2426 818 2490 cono
838 2426 1026 2512 ageretur.
1043 2415 1121 2516 epi·

77 2524 210 2625 scopus
222 2520 473 2602 Neuterienlis
484 2522 599 2601 dlxitt
617 2512 802 2622 Reumeffi
813 2521 897 2622 laesae
908 2521 1119 2618 medullatis.

68 2637 134 2733 qui
153 2646 276 2733 negot,
299 2626 459 2732 principi
482 2630 572 2709 luico
590 2632 729 2710 tributa
741 2631 933 2732 forvenum
953 2640 1119 2733 grauius

67 2745 173 2825 illum
194 2769 337 2831 errore,
366 2752 428 2841 qui
453 2752 573 2840 neget,
601 2739 665 2845 effe
683 2743 844 2844 pontifics
858 2744 1048 2847 soluendus
1072 2744 1121 2826 ud

68 2856 214 2953 ecclefiis
237 2853 402 2956 fruitus,
447 2857 545 2933 omni
574 2857 655 2933 iure
684 2853 826 2936 deditos.
885 2856 974 2938 Miri
1002 2855 1119 2940 hodie

68 2972 153 3074 post
185 2971 417 3072 nuntiatores
447 2971 485 3046 in
515 2966 634 3070 sparsis
660 2969 824 3072 undique
850 2966 1116 3051 schediasmatis

70 3081 166 3162 fiunt
182 3083 360 3161 clamores
382 3095 419 3158 et
441 3082 734 3182 computationes
750 3083 1031 3164 immodicarum
1054 3108 1119 3163 ex·

68 3193 284 3298 pensarum,
322 3211 365 3273 ac
391 3191 489 3296 quasi
509 3194 766 3275 immensarum
794 3195 1017 3278 summarum
1041 3190 1119 3277 Ro·

72 3331 172 3384 mam
200 3306 444 3385 faciendarum
473 3325 543 3407 pro
568 3305 918 3408 dispensationibus,
957 3313 1117 3400 audatis.

72 3417 212 3521 palliis3
252 3417 464 3498 cuiusmodi
491 3433 689 3521 computus
711 3439 781 3522 pro
800 3421 1117 3532 iugeniosconlin·

72 3543 170 3630 gunt
192 3532 297 3608 etiarn
321 3552 385 3630 per
407 3529 531 3610 secula.
589 3530 692 3613 Sicut
710 3554 902 3611 nonnemo
935 3556 999 3635 per
1020 3547 1115 3622 280.
1189 3523 1200 3542 ‘

74 3663 191 3721 annos
215 3635 397 3720 milllones
421 3646 660 3746 computavit
720 3641 892 3725 Ostendit
916 3661 1004 3724 sero
1027 3666 1118 3726 sno·

75 3776 210 3857 nysius
233 3751 392 3886 quidam
406 3750 445 3844 a)
465 3778 505 3836 ea
524 3755 596 3859 ipsa
615 3759 896 3861 computatione
917 3760 1119 3863 quotannis
1224 3814 1227 3819 -

584 3862 617 3948 L
646 3889 671 3946 2
997 3874 1060 3949 vix

117 3974 154 4050 a)
176 3960 352 4034 Historische
374 3964 594 4052 Benerkungeu
619 3972 694 4042 iiber
714 3966 768 4041 das
791 3968 970 4058 sogeuannte
986 3968 1121 4041 desultat

139 4053 194 4120 des
215 4050 476 4135 dmseroougrelses
498 4068 549 4140 47.
