2506 4958
153 538 211 623 64
347 564 353 589 ·
501 516 645 619 Ecclesia
683 478 846 601 militant

150 684 333 770 everflone
356 685 528 786 proxima
545 687 641 763 urbis
666 681 1006 785 Hietoioiytnitanae
1023 685 1205 785 interpre.

150 820 298 885 tantur,
327 800 373 876 de
400 796 493 877 Caio
517 792 682 896 Caligula
705 801 907 897 occipiunt,
929 802 990 898 qui
1018 801 1054 873 in
1074 797 1209 875 Hiero.

152 913 370 1015 solymitano
387 909 528 1009 templo
548 906 776 987 simulacrum
802 908 904 986 suum
936 910 1109 987 collocati
1135 910 1205 986 ius·

151 1025 204 1104 fit.
265 1023 360 1103 Adso
380 1022 508 1099 Attoni
531 1044 692 1106 coaerus.
724 1021 971 1098 exmonacho
992 1019 1205 1100 Luxovien-

152 1137 308 1217 stabbat
333 1132 527 1213 Derveulis
548 1138 584 1209 in
611 1132 735 1209 libello
759 1132 800 1207 de
835 1132 1050 1222 Antichristo
1083 1138 1117 1210 in
1138 1158 1208 1210 no.

153 1248 288 1329 viffinru
318 1270 474 1348 opetum
520 1242 560 1324 B.
583 1244 722 1322 Alcuini
766 1246 928 1323 editione
972 1245 1037 1323 suo
1071 1246 1209 1325 auctori

153 1363 343 1447 restituto,
374 1357 511 1435 sanoos
528 1356 590 1435 hic
607 1359 662 1436 vel
685 1358 774 1435 deos
799 1358 990 1455 gentilium
1008 1359 1205 1457 inteiligit,

153 1474 209 1551 uel
227 1468 627 1567 tdhncfignificantius
653 1467 700 1546 de
733 1473 838 1567 tegni
856 1467 1110 1547 Rornanorum
1142 1472 1206 1547 de·

153 1584 310 1665 fedione
344 1582 379 1661 S.
402 1580 552 1660 Paulum
584 1584 860 1681 interpretatur,
903 1605 1059 1682 nempe,
1101 1586 1207 1658 Anti

138 1694 323 1785 christm
349 1717 419 1770 non
442 1704 547 1770 anteo
571 1696 612 1769 in
632 1692 801 1769 mundum
818 1689 881 1793 effe
901 1705 1117 1782 venturum,
1147 1698 1209 1770 ni

150 1808 182 1907 r
201 1809 343 1893 venerut
359 1799 486 1902 dusctff
485 1828 504 1882 o
470 1808 707 1904 tprimum.
738 1806 779 1882 id
797 1802 841 1892 eli
861 1801 928 1894 nis
912 1810 1070 1883 romnio
1092 1831 1206 1903 regno

67 2008 73 2025 ,
154 1921 280 2019 mnndi
314 1914 526 2018 disteffirint
553 1934 576 1993 o
601 1915 761 1995 Romano
787 1921 966 2014 imperio,
1021 1923 1079 1996 cni
1101 1926 1207 2019 prius

146 2012 294 2136 fitbdito
314 2042 428 2107 erant.
490 2026 569 2107 Hoc
591 2040 740 2117 nutem,
779 2033 928 2129 pergit,
958 2041 1093 2128 tempus
1119 2056 1207 2108 non·

153 2146 239 2225 dum
260 2146 391 2229 venit.
433 2134 518 2239 quio
553 2139 636 2218 licet
661 2144 844 2219 videamus
873 2140 1113 2220 Romanorum
1146 2167 1206 2221 re-

149 2280 265 2357 gnum
295 2260 334 2331 in
356 2257 518 2330 maximo
547 2264 655 2351 purte
687 2257 762 2330 inm
793 2250 1036 2342 defiruiium,
1086 2268 1208 2333 tomen

154 2369 324 2468 quamdin
347 2389 446 2463 reges
470 2365 688 2442 Francorum
723 2366 965 2454 duraverint,
991 2369 1053 2465 qui
1076 2367 1206 2444 Romo.

153 2506 241 2558 nunt
269 2484 460 2577 imperinm
495 2491 614 2554 tenere
654 2477 804 2568 debent,
862 2478 1019 2574 dignitas
1052 2478 1205 2557 Rotnani

156 2595 302 2691 imperii
334 2614 380 2666 ex
408 2599 482 2665 nro
514 2612 585 2666 non
605 2588 768 2685 peribit,
808 2594 892 2686 quio
913 2589 1016 2679 traho
1046 2597 1086 2667 in
1110 2598 1207 2690 regi·

155 2704 323 2800 iustitis.

215 2862 302 2941 Haec
324 2858 620 2961 exscriptoribus
640 2859 749 2938 medii
766 2861 830 2939 aevi
849 2884 947 2940 nunc
968 2861 1128 2962 primurn
1150 2869 1206 2943 in·

155 2975 429 3056 clarescentibus
453 2972 609 3061 afferre,
655 2975 766 3051 visum
795 2975 843 3051 est
874 2998 993 3074 opetae
1022 2981 1202 3076 pretium:

146 3084 290 3191 'quibus
313 3111 428 3165 unum
456 3102 492 3164 et
518 3085 671 3164 alterum
716 3108 761 3163 ex
786 3090 1047 3165 recentioribus
1077 3093 1206 3187 ionga.

158 3226 252 3279 mus.
314 3198 546 3301 Acorimum
572 3199 721 3298 quidem
752 3195 974 3299 Hispanum,
1018 3225 1065 3276 ne
1088 3201 1204 3300 suspe-

158 3315 256 3392 tium
282 3310 322 3387 iit
341 3312 590 3388 testimonium
610 3313 765 3410 imperio
785 3308 955 3388 Romano
980 3311 1204 3391 Germanico

150 3425 389 3525 inquilinum.
463 3420 500 3500 P.
534 3418 663 3498 Blastus
690 3420 825 3520 Viegns
859 3421 1056 3500 Romanum
1096 3428 1205 3523 impe.

158 3543 276 3622 rium,
307 3535 454 3621 scribit,
484 3532 596 3608 anun
621 3534 795 3629 perdurat
823 3534 862 3609 t'n
892 3534 1116 3630 Germoniu3
1142 3561 1204 3613 no·

158 3672 304 3743 menone
329 3657 433 3741 utque
456 3642 615 3741 sncceffio
652 3649 910 3742 imperatorum
945 3646 1198 3726 Romanorum.

157 3760 257 3837 Nom
288 3780 368 3835 cnm
399 3753 525 3855 deserit
558 3761 597 3830 in
635 3756 819 3833 Occidente
852 3758 1049 3835 Romanum
1093 3765 1203 3856 impr.

159 3875 279 3957 rium,
309 3867 499 3965 permonfit
515 3872 554 3942 in
582 3869 757 3959 Oriente,·
786 3882 820 3944 et
845 3876 999 3956 iterum,
1031 3877 1199 3967 quonium

157 3986 348 4079 imperinm
371 3982 599 4058 evertendum
623 3992 702 4057 erut
730 3980 924 4071 aancis,
966 4007 1035 4059 non
1055 3982 1122 4069 fine
1148 3986 1202 4059 di·

156 4095 485 4192 oinaprooidenrn
510 4096 660 4168 erecium
684 4089 728 4176 eli
753 4097 942 4191 imperium
973 4099 1012 4171 in
1035 4095 1202 4171 Occiden.

156 4220 193 4286 tr
213 4224 279 4307 per
304 4204 470 4283 earnium
498 4202 559 4282 M.
584 4227 703 4304 regern
725 4203 969 4286 Francorum:
999 4211 1060 4307 qni
1080 4232 1101 4282 o
1118 4208 1201 4286 Leo·

1090 4362 1143 4463 'ne
