2506 4958
229 240 381 320 regnum
404 215 534 311 carisii
555 219 595 297 in
622 219 741 297 terris.
760 240 789 296 r.
808 214 935 296 XXII.
1048 241 1121 314 173

120 440 143 479 .,
163 382 360 514 fractura,
392 383 522 483 quibua
539 381 708 511 omnibus
732 336 851 459 civiles
878 380 974 461 adua
998 380 1129 459 adnuo·

57 558 74 709 J
115 492 368 704 :buain
391 492 1130 704 initii?“inurbaniin:

56 718 59 733 '
112 776 132 813 ,‚
155 717 404 802 merabiliunr,
436 738 511 815 non
531 716 645 792 dicam
665 718 816 802 crebra,
846 715 904 792 sed
927 731 1127 816 perpetuae,

108 884 131 924 „
156 832 260 907 etin
288 828 535 906 exadionibus
560 829 697 903 iniuriae
728 851 806 903 non
833 827 996 904 ferenda.
1054 827 1130 905 Ne·

108 998 132 1037 „
157 964 234 1043 que
252 961 401 1041 quoque
433 937 576 1015 tolerari
601 932 767 1038 poiiunt,
794 961 874 1038 quaa
892 938 936 1014 ad
956 937 1130 1016 exhiben-

105 1106 130 1149 „
157 1054 228 1131 doe
258 1050 389 1127 miiirer
420 1048 584 1151 speciant.
645 1047 743 1126 idem
774 1048 957 1127 insatiabili
987 1052 1131 1129 avaritia
1245 1072 1248 1079 ·

105 1220 130 1259 „
154 1161 343 1241 thesauros
365 1182 550 1262 nunquam
580 1162 693 1237 minui
716 1158 884 1250 volebat5
913 1160 970 1236 ied
992 1159 1131 1260 semper

105 1328 130 1371 „
156 1273 457 1353 extraordinarias
479 1293 566 1371 opes
593 1294 635 1348 ac
661 1271 868 1369 largstiones
898 1275 1129 1371 congerebat.

104 1438 131 1482 „
155 1400 202 1465 ut
234 1408 276 1462 ea
307 1406 386 1485 quae
424 1383 663 1472 recondebat,
703 1385 843 1481 integra
883 1406 924 1460 ac
962 1383 1132 1471 inviolata

108 1492 1132 1595 &mmmmmmm

105 1664 131 1704 „
159 1608 318 1715 mensam
339 1605 471 1683 faceret
495 1608 701 1694 caritatem.
732 1604 849 1704 legem
871 1609 993 1705 pretiis
1011 1628 1132 1685 rerum

105 1772 133 1816 „
162 1718 342 1797 venaiium
368 1718 516 1794 statuere
540 1732 690 1795 conatur
722 1714 781 1793 est.
839 1715 948 1821 Tunc
976 1719 1026 1795 ob
1055 1721 1133 1795 exi·

107 1888 132 1928 „
160 1853 265 1931 gua.
312 1842 352 1907 et
389 1828 469 1904 viiia
514 1826 650 1905 multus
688 1828 826 1927 sanguia
865 1826 1022 1916 effusus,
1066 1852 1134 1907 nec

105 2000 130 2038 „
160 1940 287 2020 renaie
319 1940 516 2041 quidquam
552 1955 652 2015 metu
682 1939 898 2039 apparebat,
938 1954 975 2017 et
1008 1943 1132 2019 caritar

106 2108 133 2151 ‚‚
163 2052 283 2145 muita
317 2052 473 2130 deterius
509 2046 657 2137 exurfit,
694 2050 813 2127 donec
842 2048 905 2126 lex
934 2048 1133 2128 neceffitate

106 2220 132 2261 ‚
161 2164 234 2267 ipsa
263 2161 342 2264 post
377 2161 577 2239 multorum
608 2162 759 2238 exitium
785 2159 989 2239 solveretur.
1047 2159 1133 2240 Huc

108 2334 133 2372 ,‚
162 2274 352 2355 accedebat
377 2271 512 2351 infinita
538 2273 697 2374 quadam
726 2272 900 2372 cupiditas
925 2271 1133 2360 aedificandi,

112 2443 137 2482 „
166 2409 244 2463 non
266 2390 389 2464 minor
412 2386 677 2485 provinciarum
700 2384 835 2460 exadio
866 2387 901 2459 in
925 2384 1136 2464 exhibendis

108 2552 134 2594 „
163 2499 354 2597 operariis,
383 2513 421 2573 et
445 2495 661 2583 artificibus,
691 2512 727 2572 ct
755 2496 913 2594 plaustris
942 2498 1134 2583 omnibus.

111 2667 136 2704 „
164 2631 390 2709 quaecunque
412 2605 479 2684 sint
511 2606 724 2682 fabricandis
749 2608 917 2704 operibus
938 2604 1132 2684 neceffaria.

111 2776 135 2816 „
164 2717 238 2799 Hic
272 2717 440 2802 biblica,
481 2715 540 2794 hic
585 2720 728 2802 circus,
767 2716 828 2793 bic
868 2732 1035 2806 mouera,
1076 2716 1137 2795 hic

110 2884 135 2926 „
163 2854 349 2908 armorum
370 2829 521 2914 fabrica,
552 2825 743 2904 bic·uxori
772 2827 931 2915 domus,
962 2827 1020 2906 hic
1044 2827 1132 2907 filiae.

110 2998 134 3036 „
165 2941 327 3038 Repente
363 2965 442 3040 pars
480 2941 628 3016 civitatis
661 2939 857 3016 exceditur.
927 2938 1136 3039 Migrabani

111 3106 136 3148 „
165 3076 293 3130 omnes
315 3074 401 3130 cunr
432 3052 646 3148 coniugibus
674 3074 716 3126 ac
743 3050 883 3136 liberis,
924 3050 1019 3151 quasi
1049 3054 1137 3127 urbe

112 3218 136 3257 „
164 3166 209 3241 ab
234 3163 393 3240 hostibus
418 3176 526 3262 capta.
541 3218 563 3254 „
620 3160 705 3238 Silet
726 3161 785 3240 bic
808 3160 961 3238 thermas
986 3166 1137 3238 immen-

111 3275 138 3352 u
172 3297 264 3376 pene
295 3276 442 3375 operis,
486 3276 615 3374 quibus
646 3273 897 3351 construendis
929 3273 1136 3353 christianus

109 3387 302 3467 damnatos
323 3384 573 3466 conieiiurum
600 3383 656 3474 se,
687 3384 853 3487 sperabac
