2506 4958
15 236 27 249 ²
196 241 365 320 ‚regerem
390 212 521 312 Christi
545 219 724 299 interris
749 239 778 299 e.
812 216 956 299 XXIV.
1016 238 1095 306 ποι

27 388 81 487 j
107 386 215 489 perio
252 381 317 462 soo
353 381 502 482 indigna
538 382 757 482 poenitentia
791 380 917 463 dedus
956 382 1097 461 fuerit:

14 494 29 585 ³
57 554 84 597 ’
109 499 273 697 titt:
297 493 727 707 ttitttitittst
754 518 886 685 titt
902 492 1097 687 iiiiii}

54 666 83 819 ἰ
112 629 356 801 nominasset?
385 718 610 819 postremum
637 631 870 819 quoldooovis
895 716 977 799 fidoi
1001 718 1099 818 dog.

56 890 82 931 „
113 833 268 911 metibor
294 826 500 909 studuiffet:
531 826 708 931 fimuique
736 854 822 913 eum
840 830 894 908 hie
916 831 1096 918 vocibus.

57 1002 85 1042 „
113 946 224 1023 evita
250 938 430 1020 discessiise
454 941 567 1019 fertur
584 996 617 1034 „.
659 939 705 1020 tt
732 966 820 1019 vero
846 966 947 1032 rem,
985 955 1100 1044 prout

57 1068 166 1145 erat,
196 1056 353 1133 breviter
372 1052 570 1131 describens
601 1068 691 1131 orat.
725 1050 860 1133 XXV.
897 1056 934 1132 in
955 1053 1100 1133 leodem

60 1165 230 1249 Herooie
259 1163 386 1267 pbiloi
427 1160 474 1241 fic
492 1163 563 1261 (de
589 1161 709 1267 haeresi
732 1164 862 1244 Ariana
887 1162 1027 1265 agens)
1054 1166 1101 1245 de

58 1279 278 1369 Constantio
302 1280 388 1378 imp.
401 1273 615 1379 eloquitur
643 1274 810 1371 „Rursus
831 1277 967 1358 malurn
987 1280 1102 1379 impe·

57 1446 85 1488 „
114 1395 241 1477 dum,
279 1404 316 1468 et
350 1386 466 1467 rursus
507 1387 641 1468 malurn
676 1384 882 1477 reviviscit,
926 1414 969 1469 ac
1003 1388 1101 1471 velut

57 1558 84 1599 „
114 1500 364 1603 subpatridum
397 1499 561 1603 maleque
590 1500 788 1580 obduttum
823 1500 951 1582 vuinus
983 1503 1100 1602 aperi·

59 1669 85 1711 ,
116 1629 199 1702 tot,
228 1628 264 1691 et
287 1614 465 1712 erumpit:
496 1635 696 1715 gravesque
723 1612 822 1712 lupi.
862 1612 919 1691 alii
951 1611 1098 1693 aliunde

61 1781 88 1824 ,
118 1748 185 1804 noe
202 1724 469 1823 intercipientes
493 1721 681 1805 Ecclefiam
704 1723 919 1825 discerpunt.
949 1723 1100 1804 Arnien-

59 1893 85 1934 „
115 1851 176 1915 tor
196 1834 394 1914 sacerdotes
409 1835 574 1913 adversus
593 1835 816 1923 sacerdotes,
847 1838 949 1936 plebs
975 1836 1100 1915 adrer-

61 2005 88 2046 „
117 1948 171 2027 soe
188 1946 329 2048 plebem
351 1945 552 2028 furibundo
578 1948 717 2046 impetu
736 1945 873 2040 sertur3
902 1950 1099 2046 imperator

59 2115 88 2159 „
117 2060 190 2161 ipse
203 2062 377 2159 impietati
401 2059 647 2137 austeritatem
666 2058 821 2158 praebet,
850 2075 960 2159 atque
975 2057 1100 2136 adver-

62 2228 89 2268 „
119 2172 175 2250 sor
197 2169 445 2249 orthodoxam
472 2168 672 2251 dodrinam
703 2168 800 2268 leges
832 2169 1010 2248 instituit:
1056 2172 1101 2251 ii·

62 2339 88 2381 ,‚
114 2307 187 2386 que
208 2297 395 2385 preterea,
425 2285 574 2382 quince
602 2282 639 2359 in
669 2281 834 2358 virorum
864 2283 995 2361 necin
1020 2305 1102 2363 tnu-
1215 2276 1229 2317 ⁵

63 2452 89 2492 ‚‚
119 2396 244 2473 lierurn
268 2418 423 2472 numero
448 2393 615 2470 censendi
643 2396 747 2480 sunt,
783 2416 942 2495 quorum
970 2417 1101 2494 magna

64 2564 91 2603 „
119 2521 191 2585 erat
216 2505 311 2606 apud
332 2529 416 2584 eum
443 2507 616 2605 potentia.
676 2503 772 2598 Quis
803 2529 889 2582 vero
921 2509 1099 2608 temporie

63 2675 89 2717 „
119 2617 211 2697 iilius
238 2617 330 2695 mala
350 2640 419 2717 pro
439 2618 613 2715 dignitate
639 2613 828 2715 deplorare
845 2617 986 2718 queati
1014 2615 1101 2697 Exi.

65 2786 92 2825 „
120 2730 185 2820 lia,
224 2731 408 2814 bonorum
444 2727 750 2830 proscriptiones.
793 2728 1004 2828 ignominiae
1031 2752 1102 2839 oo·

68 2896 94 2937 ,‚
120 2855 172 2919 tas
202 2842 270 2920 &e
292 2896 316 2935 „

127 3139 255 3222 Valent
280 3141 434 3220 Ariunus
458 3140 747 3217 orthodoxorum
763 3136 983 3239 persecutum
1011 3150 1047 3219 ei

308 3253 521 3351 religionum
547 3255 704 3333 omnium
718 3247 861 3352 fautor.

68 3358 134 3539 Id
160 3438 246 3494 vero
265 3414 316 3492 est
333 3411 713 3503 animadvertendum,
744 3413 777 3492 S.
801 3412 1025 3515 Gregoriom
1045 3434 1101 3495 rer

138 3525 340 3606 Constantii
373 3526 433 3607 tic
467 3527 695 3624 coniungere
731 3549 816 3613 eum
854 3526 1103 3627 persecutione

69 3635 224 3726 loliani,
252 3661 323 3747 qua
348 3652 467 3715 tamen
492 3638 654 3739 perbrevi
674 3660 766 3716 mox
789 3632 950 3715 Valentis
966 3645 1102 3740 (quern

70 3753 153 3852 pius
191 3748 362 3827 ioannes
404 3749 615 3849 imprudens
645 3750 682 3826 in
723 3748 928 3828 societatem
961 3754 1103 3850 imperii

71 3857 331 3965 adoptaverat)
368 3860 655 3966 persecutionem
683 3862 909 3943 acerbiorem
952 3861 1041 3941 dicit
1065 3859 1105 3949 i)

551 3969 643 4076 Ne
990 3988 1050 4065 ut·

121 4077 413 4162 anantio
476 4073 763 4162 »tunm-
