2506 4958
278 271 426 346 reguum
450 243 579 343 Christi
596 247 637 325 ia
656 248 774 325 terris.
797 261 823 324 e.
844 237 958 329 XLV.
1065 263 1140 346 131

108 426 235 490 nerent
266 412 500 490 devotionem
533 405 747 511 praecipuam
783 433 867 509 erga
899 411 1016 491 sedem
1053 432 1142 516 apoa

108 526 279 602 stolicana.
340 522 400 601 De
433 520 592 600 erectore
631 519 833 599 Trevir'enfi
869 525 955 624 quid
994 526 1141 607 dicam?
1213 519 1216 525 ’

106 639 199 732 Quo
215 658 324 714 nenio
340 639 453 742 maius
474 633 718 710 testimoninm
738 632 822 711 dare
840 639 961 735 potuit
977 640 1037 728 iis,
1062 658 1142 742 quae

105 754 134 826 is
165 753 240 846 egit
272 748 314 822 ad
348 747 569 825 Febronium
595 749 630 821 in
656 746 810 822 orbitani
841 765 949 848 atqne
970 751 1013 826 ad
1039 776 1144 830 revo.

107 866 288 939 cntionem
316 857 365 935 sui
392 861 511 958 operis
531 852 799 944 inducendum,
836 861 943 960 quod
970 860 1145 967 arehiepi-
1223 950 1225 957 Ι

107 975 237 1072 scopus
264 995 339 1048 non
367 971 545 1047 dubitavit
567 979 716 1068 partum
738 966 869 1066 sutona
886 988 1034 1073 vocare,
1066 992 1144 1077 qno

106 1082 286 1179 beatisimi
316 1082 434 1167 Petri,
465 1082 547 1159 sunt
575 1085 651 1158 eins
678 1080 809 1167 verba,
859 1078 1076 1180 apostolicam
1093 1087 1146 1182 fe.

107 1197 184 1272 dem
200 1199 337 1292 pertitus
356 1204 534 1276 evertere.
559 1200 592 1269 et
601 1203 762 1299 petrum
783 1188 898 1290 frtpr'u
915 1219 1020 1292 quum
1040 1198 1147 1276 Chri·

105 1306 173 1396 lius
191 1307 365 1383 Dominus
381 1296 564 1398 edificabit
586 1302 763 1395 Ecclefium
778 1304 906 1401 sacrant,x
928 1312 1025 1386 ornni
1043 1313 1146 1388 adhi-

105 1419 179 1497 bitu
208 1424 465 1513 coartarentur
482 1414 668 1518 staffoderu
729 1413 824 1514 Quae
844 1413 982 1520 asiaque
1004 1422 1145 1503 adrem

110 1534 281 1631 leguntur
297 1524 334 1620 u)
351 1534 387 1606 in
408 1523 661 1633 supplemento
680 1529 835 1607 secondo
850 1532 893 1607 ad
911 1525 1041 1611 librum
1061 1529 1149 1615 Gal·

109 1644 325 1721 liceeditum
346 1645 407 1720 snb
422 1641 773 1720 tituloVenrra'ore
794 1639 903 1720 Enna
922 1646 989 1722 &u
1009 1648 1148 1727 anobis

108 1759 178 1832 iam
205 1756 372 1841 laudato,
418 1756 478 1830 ubi
503 1758 608 1829 etiam
635 1753 757 1829 locuni
790 1752 965 1852 insignem
986 1752 1025 1844 b)
1042 1759 1149 1839 affert

73 1856 76 1865 ¹
108 1869 255 1953 austor,
287 1888 332 1941 ex
368 1858 527 1940 eiusdem
551 1861 752 1938 serenissimi
769 1860 1149 1947 ElesiotisTreviren-

111 1980 154 2056 s1s
182 1980 226 2055 de
247 1977 490 2077 prerogativis
521 1970 695 2053 Romanae
712 1974 799 2051 sedis
823 1975 970 2074 epistola
993 1981 1150 2079 pasturae

110 2092 135 2167 li
163 2091 245 2166 edit.
276 2084 471 2166 Parisrenbs
495 2107 549 2163 an.
579 2097 692 2180 1782.
726 2090 784 2164 cui
811 2087 972 2168 consona
999 2093 1048 2170 est
1074 2094 1150 2193 epi·

113 2203 201 2282 stola
242 2199 420 2301 pastoralis
450 2189 483 2290 c)
517 2194 734 2279 Germanice
770 2200 863 2278 edita
898 2192 1057 2282 Treviris
1090 2230 1148 2283 ana
1240 2287 1243 2297 ,

117 2327 233 2408 1780.
261 2318 405 2411 integro
427 2306 625 2389 volumine.
685 2302 956 2391 blaximilianus
982 2336 1068 2394 vero
1090 2315 1151 2396 so*

113 2428 210 2527 sephi
230 2424 273 2503 sl.
302 2424 469 2522 angustus
498 2442 716 2523 germanus,
746 2417 1148 2518 ColorriensrsElesior,

113 2558 221 2640 quam
249 2536 421 2613 devotum
451 2535 519 2611 sese
550 2535 781 2622 exhibuerit,
827 2536 1150 2642 observantemque

114 2674 197 2748 erge
231 2644 334 2725 Pium
369 2638 433 2724 Vt.
466 2641 503 2722 P.
535 2668 620 2722 cum
651 2642 695 2722 ad
725 2637 904 2722 Viennam
934 2649 1148 2740 diverteret,

114 2762 185 2860 ipse
206 2760 300 2836 testis
330 2781 404 2834 non
433 2755 505 2833 stne
532 2771 659 2834 tenero
683 2760 791 2833 animi
812 2750 938 2836 assessu
962 2764 1150 2841 recordor·

112 2874 194 2952 Nec
222 2882 451 2970 compertum
479 2871 527 2946 est
544 2863 699 2970 aliquid,
747 2872 1039 2967 nuntiationibus
1066 2864 1155 2952 Ens-

114 2983 268 3062 sensibus
297 3000 381 3059 eunt
417 2994 479 3057 aut
501 2997 648 3058 ceteros
681 2979 838 3081 collegas
870 2982 950 3061 suos
973 2979 1150 3075 innitere,

114 3097 208 3174 ultra
235 3094 372 3173 causam
403 3110 654 3193 perpetuarum
675 3088 997 3182 Nuntiatorarnm,
1033 3094 1154 3177 Coloe

114 3204 231 3284 liensas
262 3208 436 3307 imprimis
471 3228 512 3282 ac
547 3204 742 3284 novissime
770 3197 1024 3295 Monacensis,
1067 3227 1152 3290 cunt

113 3322 290 3400 connexis
315 3316 528 3420 quibusdam
546 3314 850 3419 dispensationum
867 3315 1107 3399 facultatibus.

202 3473 360 3568 Mirum,
390 3476 477 3557 dum
496 3477 653 3581 primum
672 3474 791 3558 lucem
813 3474 993 3581 publicana
1009 3482 1155 3583 aspexe-
1188 3470 1192 3478 ¹

115 3605 203 3673 runt
218 3591 485 3692 pausationes,
515 3592 658 3671 cursum
677 3608 792 3681 naui,
815 3593 1003 3695 satumque
1017 3600 1154 3674 varium

117 3707 323 3785 habuerunt
355 3707 391 3779 in
420 3699 623 3782 volantibus
653 3696 763 3784 bodie
793 3698 955 3809 undique
985 3702 1155 3787 schedias-

117 3821 246 3906 matis,
290 3814 388 3895 ultro
417 3820 584 3920 citroque
612 3812 744 4008 [sm
802 3810 884 3897 Nec
907 3818 1018 3899 sucus
1047 3842 1156 3922 aqua.

677 3944 699 4008 2
1015 3956 1099 4012 rum
