<?xml version="1.0" encoding="UTF-8"?>
<!DOCTYPE html PUBLIC "-//W3C//DTD XHTML 1.0 Transitional//EN"
    "http://www.w3.org/TR/xhtml1/DTD/xhtml1-transitional.dtd">
<html xmlns="http://www.w3.org/1999/xhtml" xml:lang="en" lang="en">
 <head>
  <title>
</title>
<meta http-equiv="Content-Type" content="text/html;charset=utf-8" />
  <meta name='ocr-system' content='tesseract 3.04.00' />
  <meta name='ocr-capabilities' content='ocr_page ocr_carea ocr_par ocr_line ocrx_word'/>
</head>
<body>
  <div class='ocr_page' id='page_1' title='image "./ecclesiamilitan01gerbgoog_0258.png"; bbox 0 0 2506 4958; ppageno 0'>
   <div class='ocr_carea' id='block_1_1' title="bbox 196 140 1147 319">
    <p class='ocr_par' dir='ltr' id='par_1_1' title="bbox 196 140 1147 319">
     <span class='ocr_line' id='line_1_1' title="bbox 196 140 1147 319; baseline 0.007 -49"><span class='ocrx_word' id='word_1_1' title='bbox 196 182 199 187; x_wconf 71' lang='grc'><strong>’</strong></span> <span class='ocrx_word' id='word_1_2' title='bbox 245 210 398 319; x_wconf 66' lang='lat' dir='ltr'>regnum</span> <span class='ocrx_word' id='word_1_3' title='bbox 429 191 559 293; x_wconf 76' lang='lat' dir='ltr'>Christi</span> <span class='ocrx_word' id='word_1_4' title='bbox 585 199 625 275; x_wconf 87' lang='lat' dir='ltr'>in</span> <span class='ocrx_word' id='word_1_5' title='bbox 651 199 771 311; x_wconf 57' lang='lat' dir='ltr'>tersis.</span> <span class='ocrx_word' id='word_1_6' title='bbox 786 220 814 276; x_wconf 90' lang='lat' dir='ltr'>c.</span> <span class='ocrx_word' id='word_1_7' title='bbox 835 192 1002 277; x_wconf 73' lang='lat' dir='ltr'><em>XXVII.</em></span> <span class='ocrx_word' id='word_1_8' title='bbox 1067 140 1147 294; x_wconf 65' lang='lat' dir='ltr'>aas</span> 
     </span>
    </p>
   </div>
   <div class='ocr_carea' id='block_1_2' title="bbox 100 346 1232 4041">
    <p class='ocr_par' dir='ltr' id='par_1_2' title="bbox 100 346 1232 4041">
     <span class='ocr_line' id='line_1_2' title="bbox 107 346 1152 457; baseline -0.001 -20"><span class='ocrx_word' id='word_1_9' title='bbox 107 378 239 437; x_wconf 78' lang='lat' dir='ltr'>verum</span> <span class='ocrx_word' id='word_1_10' title='bbox 266 360 373 435; x_wconf 83' lang='lat' dir='ltr'>crinin</span> <span class='ocrx_word' id='word_1_11' title='bbox 396 355 551 449; x_wconf 90' lang='lat' dir='ltr'>Orosro,</span> <span class='ocrx_word' id='word_1_12' title='bbox 582 376 624 441; x_wconf 88' lang='lat' dir='ltr'>ut</span> <span class='ocrx_word' id='word_1_13' title='bbox 637 360 788 457; x_wconf 86' lang='lat' dir='ltr'>eandem</span> <span class='ocrx_word' id='word_1_14' title='bbox 812 362 863 439; x_wconf 97' lang='lat' dir='ltr'>ob</span> <span class='ocrx_word' id='word_1_15' title='bbox 880 360 1020 439; x_wconf 85' lang='lat' dir='ltr'>causam</span> <span class='ocrx_word' id='word_1_16' title='bbox 1040 346 1152 437; x_wconf 74' lang='lat' dir='ltr'>hislo-</span> 
     </span>
     <span class='ocr_line' id='line_1_3' title="bbox 108 468 1152 573; baseline 0.002 -24"><span class='ocrx_word' id='word_1_17' title='bbox 108 474 203 549; x_wconf 87' lang='lat' dir='ltr'>riam</span> <span class='ocrx_word' id='word_1_18' title='bbox 225 468 325 549; x_wconf 90' lang='lat' dir='ltr'>suam</span> <span class='ocrx_word' id='word_1_19' title='bbox 346 470 534 560; x_wconf 85' lang='lat' dir='ltr'>scriberet,</span> <span class='ocrx_word' id='word_1_20' title='bbox 571 473 695 553; x_wconf 71' lang='lat' dir='ltr'>audior</span> <span class='ocrx_word' id='word_1_21' title='bbox 710 473 789 551; x_wconf 89' lang='lat' dir='ltr'>suit.</span> <span class='ocrx_word' id='word_1_22' title='bbox 804 471 991 553; x_wconf 73' lang='lat' dir='ltr'>urruns.</span> <span class='ocrx_word' id='word_1_23' title='bbox 1022 472 1152 573; x_wconf 79' lang='lat' dir='ltr'>Augu·</span> 
     </span>
     <span class='ocr_line' id='line_1_4' title="bbox 109 582 1151 687; baseline -0.003 -24"><span class='ocrx_word' id='word_1_24' title='bbox 109 583 194 663; x_wconf 83' lang='lat' dir='ltr'>stim</span> <span class='ocrx_word' id='word_1_25' title='bbox 216 584 313 683; x_wconf 76' lang='lat' dir='ltr'>epist</span> <span class='ocrx_word' id='word_1_26' title='bbox 329 603 419 672; x_wconf 83' lang='lat'>232.</span> <span class='ocrx_word' id='word_1_27' title='bbox 439 582 484 663; x_wconf 89' lang='lat' dir='ltr'>T.</span> <span class='ocrx_word' id='word_1_28' title='bbox 500 584 544 663; x_wconf 90' lang='lat' dir='ltr'>ll.</span> <span class='ocrx_word' id='word_1_29' title='bbox 575 609 608 687; x_wconf 88' lang='lat' dir='ltr'>p.</span> <span class='ocrx_word' id='word_1_30' title='bbox 628 598 718 682; x_wconf 83' lang='lat'><strong>84¹.</strong></span> <span class='ocrx_word' id='word_1_31' title='bbox 735 586 779 662; x_wconf 89' lang='lat' dir='ltr'>ad</span> <span class='ocrx_word' id='word_1_32' title='bbox 795 583 1050 685; x_wconf 69' lang='lat' dir='ltr'>madaurenses</span> <span class='ocrx_word' id='word_1_33' title='bbox 1066 585 1151 661; x_wconf 91' lang='lat' dir='ltr'>ido·</span> 
     </span>
     <span class='ocr_line' id='line_1_5' title="bbox 107 694 1150 799; baseline 0.001 -27"><span class='ocrx_word' id='word_1_34' title='bbox 107 696 280 782; x_wconf 86' lang='lat' dir='ltr'>lolatras,</span> <span class='ocrx_word' id='word_1_35' title='bbox 325 719 419 796; x_wconf 91' lang='lat' dir='ltr'>quos</span> <span class='ocrx_word' id='word_1_36' title='bbox 439 694 677 776; x_wconf 87' lang='lat' dir='ltr'>nihilominus</span> <span class='ocrx_word' id='word_1_37' title='bbox 697 698 844 786; x_wconf 89' lang='lat' dir='ltr'>fratres,</span> <span class='ocrx_word' id='word_1_38' title='bbox 876 701 953 775; x_wconf 90' lang='lat' dir='ltr'>imo</span> <span class='ocrx_word' id='word_1_39' title='bbox 983 713 1150 799; x_wconf 86' lang='lat' dir='ltr'>parentes</span> 
     </span>
     <span class='ocr_line' id='line_1_6' title="bbox 106 796 1151 911; baseline -0.002 -26"><span class='ocrx_word' id='word_1_40' title='bbox 106 807 193 887; x_wconf 87' lang='lat' dir='ltr'>suos</span> <span class='ocrx_word' id='word_1_41' title='bbox 211 806 384 910; x_wconf 85' lang='lat' dir='ltr'>appellat,</span> <span class='ocrx_word' id='word_1_42' title='bbox 406 811 488 911; x_wconf 88' lang='lat' dir='ltr'>quia</span> <span class='ocrx_word' id='word_1_43' title='bbox 507 811 602 910; x_wconf 86' lang='lat' dir='ltr'>apud</span> <span class='ocrx_word' id='word_1_44' title='bbox 617 796 683 901; x_wconf 70' lang='lat' dir='ltr'>eos</span> <span class='ocrx_word' id='word_1_45' title='bbox 700 809 920 889; x_wconf 82' lang='lat' dir='ltr'>literaturam</span> <span class='ocrx_word' id='word_1_46' title='bbox 938 824 975 886; x_wconf 92' lang='lat' dir='ltr'>et</span> <span class='ocrx_word' id='word_1_47' title='bbox 995 811 1151 887; x_wconf 88' lang='lat' dir='ltr'>oratori-</span> 
     </span>
     <span class='ocr_line' id='line_1_7' title="bbox 106 916 1146 1011; baseline -0.001 -12"><span class='ocrx_word' id='word_1_48' title='bbox 106 944 168 999; x_wconf 75' lang='lat' dir='ltr'>am</span> <span class='ocrx_word' id='word_1_49' title='bbox 201 934 316 997; x_wconf 87' lang='lat' dir='ltr'>artem</span> <span class='ocrx_word' id='word_1_50' title='bbox 362 920 569 1009; x_wconf 83' lang='lat' dir='ltr'>didicerat,</span> <span class='ocrx_word' id='word_1_51' title='bbox 626 937 667 1001; x_wconf 90' lang='lat' dir='ltr'>ut</span> <span class='ocrx_word' id='word_1_52' title='bbox 699 921 760 999; x_wconf 85' lang='lat' dir='ltr'>lb.</span> <span class='ocrx_word' id='word_1_53' title='bbox 791 921 835 1001; x_wconf 91' lang='lat' dir='ltr'>ll.</span> <span class='ocrx_word' id='word_1_54' title='bbox 866 945 897 1000; x_wconf 93' lang='lat' dir='ltr'>c.</span> <span class='ocrx_word' id='word_1_55' title='bbox 932 941 966 1011; x_wconf 79' lang='lat'>3.</span> <span class='ocrx_word' id='word_1_56' title='bbox 996 916 1146 998; x_wconf 73' lang='lat' dir='ltr'>consess</span> 
     </span>
     <span class='ocr_line' id='line_1_8' title="bbox 107 1024 1150 1133; baseline -0.001 -23"><span class='ocrx_word' id='word_1_57' title='bbox 107 1024 299 1110; x_wconf 78' lang='lat' dir='ltr'>meminit:</span> <span class='ocrx_word' id='word_1_58' title='bbox 334 1054 473 1132; x_wconf 85' lang='lat' dir='ltr'>quosve</span> <span class='ocrx_word' id='word_1_59' title='bbox 494 1034 538 1109; x_wconf 89' lang='lat' dir='ltr'>ad</span> <span class='ocrx_word' id='word_1_60' title='bbox 559 1032 667 1113; x_wconf 88' lang='lat' dir='ltr'>iidem</span> <span class='ocrx_word' id='word_1_61' title='bbox 697 1033 809 1113; x_wconf 85' lang='lat' dir='ltr'>allicit</span> <span class='ocrx_word' id='word_1_62' title='bbox 827 1035 877 1113; x_wconf 94' lang='lat' dir='ltr'>ob</span> <span class='ocrx_word' id='word_1_63' title='bbox 898 1032 1031 1111; x_wconf 85' lang='lat' dir='ltr'>oculos</span> <span class='ocrx_word' id='word_1_64' title='bbox 1052 1028 1150 1133; x_wconf 75' lang='grc' dir='ltr'>ροῦ-</span> 
     </span>
     <span class='ocr_line' id='line_1_9' title="bbox 105 1142 1151 1249; baseline -0.003 -26"><span class='ocrx_word' id='word_1_65' title='bbox 105 1147 155 1223; x_wconf 86' lang='lat' dir='ltr'>tis</span> <span class='ocrx_word' id='word_1_66' title='bbox 180 1142 261 1229; x_wconf 81' lang='lat' dir='ltr'>satis</span> <span class='ocrx_word' id='word_1_67' title='bbox 293 1142 499 1223; x_wconf 87' lang='lat' dir='ltr'>ludaeorum</span> <span class='ocrx_word' id='word_1_68' title='bbox 539 1162 575 1222; x_wconf 92' lang='lat' dir='ltr'>et</span> <span class='ocrx_word' id='word_1_69' title='bbox 605 1147 823 1246; x_wconf 88' lang='lat' dir='ltr'>gentilismi,</span> <span class='ocrx_word' id='word_1_70' title='bbox 864 1169 944 1249; x_wconf 89' lang='lat' dir='ltr'>quae</span> <span class='ocrx_word' id='word_1_71' title='bbox 965 1142 1151 1247; x_wconf 68' lang='lat' dir='ltr'>liripturae</span> 
     </span>
     <span class='ocr_line' id='line_1_10' title="bbox 105 1252 1150 1359; baseline -0.001 -27"><span class='ocrx_word' id='word_1_72' title='bbox 105 1256 242 1333; x_wconf 77' lang='lat' dir='ltr'>divina</span> <span class='ocrx_word' id='word_1_73' title='bbox 260 1312 270 1331; x_wconf 89' lang='lat'><strong>.</strong></span> <span class='ocrx_word' id='word_1_74' title='bbox 293 1310 327 1333; x_wconf 93' lang='lat'>..</span> <span class='ocrx_word' id='word_1_75' title='bbox 344 1267 426 1332; x_wconf 84' lang='lat' dir='ltr'>unte</span> <span class='ocrx_word' id='word_1_76' title='bbox 441 1254 634 1354; x_wconf 77' lang='lat' dir='ltr'>lungifflmu</span> <span class='ocrx_word' id='word_1_77' title='bbox 650 1269 810 1357; x_wconf 79' lang='lat' dir='ltr'>temporo</span> <span class='ocrx_word' id='word_1_78' title='bbox 817 1254 952 1359; x_wconf 81' lang='lat' dir='ltr'>futuru</span> <span class='ocrx_word' id='word_1_79' title='bbox 970 1253 1033 1357; x_wconf 77' lang='lat' dir='ltr'>effe</span> <span class='ocrx_word' id='word_1_80' title='bbox 1048 1252 1150 1346; x_wconf 68' lang='lat' dir='ltr'>sessu</span> 
     </span>
     <span class='ocr_line' id='line_1_11' title="bbox 104 1364 1148 1471; baseline 0.002 -26"><span class='ocrx_word' id='word_1_81' title='bbox 104 1381 151 1445; x_wconf 84' lang='lat' dir='ltr'>tae</span> <span class='ocrx_word' id='word_1_82' title='bbox 178 1364 271 1461; x_wconf 81' lang='lat' dir='ltr'>sunt.</span> <span class='ocrx_word' id='word_1_83' title='bbox 331 1365 449 1463; x_wconf 84' lang='lat' dir='ltr'>Quod</span> <span class='ocrx_word' id='word_1_84' title='bbox 477 1370 572 1447; x_wconf 89' lang='lat' dir='ltr'>idem</span> <span class='ocrx_word' id='word_1_85' title='bbox 604 1369 663 1451; x_wconf 90' lang='lat' dir='ltr'>hic</span> <span class='ocrx_word' id='word_1_86' title='bbox 690 1371 799 1450; x_wconf 90' lang='lat' dir='ltr'>nobis</span> <span class='ocrx_word' id='word_1_87' title='bbox 831 1371 880 1449; x_wconf 84' lang='lat' dir='ltr'>esi</span> <span class='ocrx_word' id='word_1_88' title='bbox 916 1366 1148 1471; x_wconf 88' lang='lat' dir='ltr'>propositum</span> 
     </span>
     <span class='ocr_line' id='line_1_12' title="bbox 102 1478 1149 1583; baseline 0 -24"><span class='ocrx_word' id='word_1_89' title='bbox 102 1492 392 1579; x_wconf 85' lang='lat' dir='ltr'>argumentum,</span> <span class='ocrx_word' id='word_1_90' title='bbox 438 1504 484 1558; x_wconf 86' lang='lat' dir='ltr'>ex</span> <span class='ocrx_word' id='word_1_91' title='bbox 516 1498 617 1583; x_wconf 88' lang='lat' dir='ltr'>parte</span> <span class='ocrx_word' id='word_1_92' title='bbox 652 1481 921 1561; x_wconf 86' lang='lat' dir='ltr'>demonstrandi</span> <span class='ocrx_word' id='word_1_93' title='bbox 955 1478 1149 1559; x_wconf 81' lang='lat' dir='ltr'>Ecclesiam</span> 
     </span>
     <span class='ocr_line' id='line_1_13' title="bbox 104 1586 1149 1693; baseline 0.001 -23"><span class='ocrx_word' id='word_1_94' title='bbox 104 1593 324 1672; x_wconf 81' lang='lat' dir='ltr'>militantem</span> <span class='ocrx_word' id='word_1_95' title='bbox 345 1616 501 1693; x_wconf 86' lang='lat' dir='ltr'>regnum</span> <span class='ocrx_word' id='word_1_96' title='bbox 529 1592 660 1675; x_wconf 86' lang='lat' dir='ltr'>Christi</span> <span class='ocrx_word' id='word_1_97' title='bbox 691 1597 728 1673; x_wconf 91' lang='lat' dir='ltr'>in</span> <span class='ocrx_word' id='word_1_98' title='bbox 756 1597 859 1674; x_wconf 88' lang='lat' dir='ltr'>terris</span> <span class='ocrx_word' id='word_1_99' title='bbox 893 1617 939 1672; x_wconf 86' lang='lat' dir='ltr'>ex</span> <span class='ocrx_word' id='word_1_100' title='bbox 960 1586 1039 1671; x_wconf 86' lang='lat' dir='ltr'>satis</span> <span class='ocrx_word' id='word_1_101' title='bbox 1066 1616 1149 1671; x_wconf 91' lang='lat' dir='ltr'>mo·</span> 
     </span>
     <span class='ocr_line' id='line_1_14' title="bbox 102 1698 1232 1807; baseline 0.001 -25"><span class='ocrx_word' id='word_1_102' title='bbox 102 1704 264 1783; x_wconf 80' lang='lat' dir='ltr'>marchiae</span> <span class='ocrx_word' id='word_1_103' title='bbox 282 1698 454 1783; x_wconf 74' lang='lat' dir='ltr'>Romane</span> <span class='ocrx_word' id='word_1_104' title='bbox 473 1707 509 1782; x_wconf 93' lang='lat' dir='ltr'>in</span> <span class='ocrx_word' id='word_1_105' title='bbox 531 1707 712 1807; x_wconf 90' lang='lat' dir='ltr'>scripturis</span> <span class='ocrx_word' id='word_1_106' title='bbox 721 1705 769 1787; x_wconf 86' lang='lat' dir='ltr'>V.</span> <span class='ocrx_word' id='word_1_107' title='bbox 786 1720 823 1787; x_wconf 89' lang='lat' dir='ltr'>et</span> <span class='ocrx_word' id='word_1_108' title='bbox 846 1704 895 1786; x_wconf 91' lang='lat' dir='ltr'>N.</span> <span class='ocrx_word' id='word_1_109' title='bbox 928 1704 1150 1785; x_wconf 82' lang='lat' dir='ltr'>Testamenti</span> <span class='ocrx_word' id='word_1_110' title='bbox 1229 1698 1232 1703; x_wconf 63' lang='grc'><strong>“</strong></span> 
     </span>
     <span class='ocr_line' id='line_1_15' title="bbox 100 1814 1169 1920; baseline 0.001 -27"><span class='ocrx_word' id='word_1_111' title='bbox 100 1817 365 1920; x_wconf 85' lang='lat' dir='ltr'>praenuntiatis,</span> <span class='ocrx_word' id='word_1_112' title='bbox 384 1840 475 1893; x_wconf 88' lang='lat' dir='ltr'>mox</span> <span class='ocrx_word' id='word_1_113' title='bbox 489 1817 707 1917; x_wconf 88' lang='lat' dir='ltr'>persecuturi</span> <span class='ocrx_word' id='word_1_114' title='bbox 721 1842 774 1907; x_wconf 88' lang='lat' dir='ltr'>ea,</span> <span class='ocrx_word' id='word_1_115' title='bbox 795 1842 874 1920; x_wconf 85' lang='lat' dir='ltr'>quae</span> <span class='ocrx_word' id='word_1_116' title='bbox 890 1814 1047 1899; x_wconf 91' lang='lat' dir='ltr'>Romam</span> <span class='ocrx_word' id='word_1_117' title='bbox 1058 1839 1148 1918; x_wconf 91' lang='lat' dir='ltr'>pro·</span> <span class='ocrx_word' id='word_1_118' title='bbox 1167 1868 1169 1872; x_wconf 63' lang='grc'><em>»</em></span> 
     </span>
     <span class='ocr_line' id='line_1_16' title="bbox 104 1929 1147 2031; baseline 0.001 -27"><span class='ocrx_word' id='word_1_119' title='bbox 104 1931 192 2031; x_wconf 89' lang='lat' dir='ltr'>pius</span> <span class='ocrx_word' id='word_1_120' title='bbox 210 1929 375 2006; x_wconf 87' lang='lat' dir='ltr'>attinent.</span> <span class='ocrx_word' id='word_1_121' title='bbox 407 1929 580 2006; x_wconf 88' lang='lat' dir='ltr'>Divinam</span> <span class='ocrx_word' id='word_1_122' title='bbox 608 1953 721 2017; x_wconf 82' lang='lat' dir='ltr'>vero,</span> <span class='ocrx_word' id='word_1_123' title='bbox 750 1953 858 2031; x_wconf 91' lang='lat' dir='ltr'>quarn</span> <span class='ocrx_word' id='word_1_124' title='bbox 877 1945 1089 2029; x_wconf 86' lang='lat' dir='ltr'>praematura</span> <span class='ocrx_word' id='word_1_125' title='bbox 1109 1940 1147 2005; x_wconf 88' lang='lat' dir='ltr'>ct</span> 
     </span>
     <span class='ocr_line' id='line_1_17' title="bbox 103 2034 1148 2141; baseline -0.002 -22"><span class='ocrx_word' id='word_1_126' title='bbox 103 2042 245 2139; x_wconf 87' lang='lat' dir='ltr'>tragica</span> <span class='ocrx_word' id='word_1_127' title='bbox 256 2057 375 2118; x_wconf 89' lang='lat' dir='ltr'>morte</span> <span class='ocrx_word' id='word_1_128' title='bbox 392 2038 523 2139; x_wconf 75' lang='lat' dir='ltr'>singuli</span> <span class='ocrx_word' id='word_1_129' title='bbox 536 2044 676 2141; x_wconf 84' lang='lat' dir='ltr'>experti</span> <span class='ocrx_word' id='word_1_130' title='bbox 691 2044 772 2120; x_wconf 87' lang='lat' dir='ltr'>sunt</span> <span class='ocrx_word' id='word_1_131' title='bbox 790 2041 968 2119; x_wconf 89' lang='lat' dir='ltr'>ultionem</span> <span class='ocrx_word' id='word_1_132' title='bbox 983 2034 1148 2117; x_wconf 82' lang='lat' dir='ltr'>Ecclesiae</span> 
     </span>
     <span class='ocr_line' id='line_1_18' title="bbox 102 2148 1147 2253; baseline 0.001 -26"><span class='ocrx_word' id='word_1_133' title='bbox 102 2150 482 2253; x_wconf 83' lang='lat' dir='ltr'>persecutoresRomae</span> <span class='ocrx_word' id='word_1_134' title='bbox 494 2152 733 2233; x_wconf 87' lang='lat' dir='ltr'>debellatricis</span> <span class='ocrx_word' id='word_1_135' title='bbox 746 2152 963 2239; x_wconf 79' lang='lat' dir='ltr'>sandorum,</span> <span class='ocrx_word' id='word_1_136' title='bbox 976 2148 1147 2250; x_wconf 87' lang='lat' dir='ltr'>singulari</span> 
     </span>
     <span class='ocr_line' id='line_1_19' title="bbox 101 2260 1148 2364; baseline -0.003 -22"><span class='ocrx_word' id='word_1_137' title='bbox 101 2264 204 2342; x_wconf 91' lang='lat' dir='ltr'>libro</span> <span class='ocrx_word' id='word_1_138' title='bbox 228 2262 431 2364; x_wconf 89' lang='lat' dir='ltr'>persecutus</span> <span class='ocrx_word' id='word_1_139' title='bbox 456 2265 505 2344; x_wconf 90' lang='lat' dir='ltr'>est</span> <span class='ocrx_word' id='word_1_140' title='bbox 524 2261 727 2344; x_wconf 73' lang='lat' dir='ltr'>Laclantius</span> <span class='ocrx_word' id='word_1_141' title='bbox 743 2265 785 2343; x_wconf 85' lang='lat' dir='ltr'>de</span> <span class='ocrx_word' id='word_1_142' title='bbox 798 2261 972 2343; x_wconf 79' lang='lat' dir='ltr'>mortibus</span> <span class='ocrx_word' id='word_1_143' title='bbox 984 2260 1148 2361; x_wconf 80' lang='lat' dir='ltr'>persecu·</span> 
     </span>
     <span class='ocr_line' id='line_1_20' title="bbox 103 2374 1206 2478; baseline 0.003 -26"><span class='ocrx_word' id='word_1_144' title='bbox 103 2388 239 2452; x_wconf 79' lang='lat' dir='ltr'>torum.</span> <span class='ocrx_word' id='word_1_145' title='bbox 297 2375 446 2470; x_wconf 86' lang='lat' dir='ltr'>Quibus</span> <span class='ocrx_word' id='word_1_146' title='bbox 463 2374 642 2455; x_wconf 88' lang='lat' dir='ltr'>lulianum</span> <span class='ocrx_word' id='word_1_147' title='bbox 668 2382 811 2478; x_wconf 88' lang='lat' dir='ltr'>iungit,</span> <span class='ocrx_word' id='word_1_148' title='bbox 842 2379 997 2454; x_wconf 89' lang='lat' dir='ltr'>breviter</span> <span class='ocrx_word' id='word_1_149' title='bbox 1015 2399 1145 2455; x_wconf 87' lang='lat' dir='ltr'>eorum</span> <span class='ocrx_word' id='word_1_150' title='bbox 1201 2398 1206 2407; x_wconf 91' lang='grc'><strong>’</strong></span> 
     </span>
     <span class='ocr_line' id='line_1_21' title="bbox 104 2488 1147 2591; baseline 0.002 -27"><span class='ocrx_word' id='word_1_151' title='bbox 104 2491 258 2564; x_wconf 87' lang='lat' dir='ltr'>nomina</span> <span class='ocrx_word' id='word_1_152' title='bbox 290 2488 409 2564; x_wconf 89' lang='lat' dir='ltr'>saltem</span> <span class='ocrx_word' id='word_1_153' title='bbox 438 2489 624 2568; x_wconf 84' lang='lat' dir='ltr'>recensens</span> <span class='ocrx_word' id='word_1_154' title='bbox 649 2490 682 2568; x_wconf 88' lang='lat' dir='ltr'>S.</span> <span class='ocrx_word' id='word_1_155' title='bbox 716 2489 992 2591; x_wconf 86' lang='lat' dir='ltr'>Hieronymus,</span> <span class='ocrx_word' id='word_1_156' title='bbox 1015 2492 1052 2566; x_wconf 91' lang='lat' dir='ltr'>in</span> <span class='ocrx_word' id='word_1_157' title='bbox 1086 2488 1147 2566; x_wconf 93' lang='lat' dir='ltr'>illa</span> 
     </span>
     <span class='ocr_line' id='line_1_22' title="bbox 105 2596 1149 2699; baseline -0.003 -20"><span class='ocrx_word' id='word_1_158' title='bbox 105 2599 261 2679; x_wconf 86' lang='lat' dir='ltr'>Zachar.</span> <span class='ocrx_word' id='word_1_159' title='bbox 292 2596 400 2677; x_wconf 90' lang='lat' dir='ltr'>XlV.</span> <span class='ocrx_word' id='word_1_160' title='bbox 432 2602 557 2678; x_wconf 87' lang='lat' dir='ltr'>verba:</span> <span class='ocrx_word' id='word_1_161' title='bbox 591 2614 625 2679; x_wconf 85' lang='lat' dir='ltr'>et</span> <span class='ocrx_word' id='word_1_162' title='bbox 640 2601 711 2678; x_wconf 74' lang='lat' dir='ltr'>uec</span> <span class='ocrx_word' id='word_1_163' title='bbox 732 2604 803 2679; x_wconf 84' lang='lat' dir='ltr'>erit</span> <span class='ocrx_word' id='word_1_164' title='bbox 817 2601 946 2699; x_wconf 82' lang='lat' dir='ltr'>plaga,</span> <span class='ocrx_word' id='word_1_165' title='bbox 984 2624 1053 2697; x_wconf 88' lang='lat' dir='ltr'>quo</span> <span class='ocrx_word' id='word_1_166' title='bbox 1063 2614 1149 2697; x_wconf 75' lang='lat' dir='ltr'>per-</span> 
     </span>
     <span class='ocr_line' id='line_1_23' title="bbox 103 2709 1148 2810; baseline -0.003 -21"><span class='ocrx_word' id='word_1_167' title='bbox 103 2714 216 2789; x_wconf 84' lang='lat' dir='ltr'>cutiet</span> <span class='ocrx_word' id='word_1_168' title='bbox 244 2709 417 2789; x_wconf 85' lang='lat' dir='ltr'>Dominus</span> <span class='ocrx_word' id='word_1_169' title='bbox 448 2735 564 2788; x_wconf 87' lang='lat' dir='ltr'>omnes</span> <span class='ocrx_word' id='word_1_170' title='bbox 592 2725 712 2810; x_wconf 78' lang='lat' dir='ltr'>gentes</span> <span class='ocrx_word' id='word_1_171' title='bbox 742 2769 754 2801; x_wconf 94' lang='lat'>,</span> <span class='ocrx_word' id='word_1_172' title='bbox 795 2737 868 2809; x_wconf 83' lang='lat' dir='ltr'>quae</span> <span class='ocrx_word' id='word_1_173' title='bbox 892 2720 1148 2808; x_wconf 81' lang='lat' dir='ltr'>pugnauerunt</span> 
     </span>
     <span class='ocr_line' id='line_1_24' title="bbox 104 2821 1147 2923; baseline -0.002 -22"><span class='ocrx_word' id='word_1_174' title='bbox 104 2822 278 2920; x_wconf 80' lang='lat' dir='ltr'>aduersus</span> <span class='ocrx_word' id='word_1_175' title='bbox 294 2821 505 2919; x_wconf 80' lang='lat' dir='ltr'>Ierusalem,</span> <span class='ocrx_word' id='word_1_176' title='bbox 525 2827 572 2900; x_wconf 94' lang='lat' dir='ltr'>ita</span> <span class='ocrx_word' id='word_1_177' title='bbox 591 2825 899 2902; x_wconf 91' lang='lat' dir='ltr'>commentando:</span> <span class='ocrx_word' id='word_1_178' title='bbox 930 2822 1051 2915; x_wconf 82' lang='lat' dir='ltr'>„Haec</span> <span class='ocrx_word' id='word_1_179' title='bbox 1071 2821 1147 2923; x_wconf 91' lang='lat' dir='ltr'>pas·</span> 
     </span>
     <span class='ocr_line' id='line_1_25' title="bbox 101 2933 1149 3037; baseline -0.004 -23"><span class='ocrx_word' id='word_1_180' title='bbox 101 2993 129 3031; x_wconf 90' lang='lat'>„</span> <span class='ocrx_word' id='word_1_181' title='bbox 157 2936 214 3015; x_wconf 88' lang='lat' dir='ltr'>sos</span> <span class='ocrx_word' id='word_1_182' title='bbox 236 2960 310 3012; x_wconf 89' lang='lat' dir='ltr'>non</span> <span class='ocrx_word' id='word_1_183' title='bbox 325 2933 393 3012; x_wconf 85' lang='lat' dir='ltr'>esse</span> <span class='ocrx_word' id='word_1_184' title='bbox 408 2935 619 3025; x_wconf 90' lang='lat' dir='ltr'>Romanos,</span> <span class='ocrx_word' id='word_1_185' title='bbox 650 2934 689 3025; x_wconf 88' lang='lat' dir='ltr'>u)</span> <span class='ocrx_word' id='word_1_186' title='bbox 710 2939 774 3037; x_wconf 91' lang='lat' dir='ltr'>qui</span> <span class='ocrx_word' id='word_1_187' title='bbox 797 2934 984 3014; x_wconf 90' lang='lat' dir='ltr'>lerusalem</span> <span class='ocrx_word' id='word_1_188' title='bbox 1003 2935 1149 3012; x_wconf 88' lang='lat' dir='ltr'>subver-</span> 
     </span>
     <span class='ocr_line' id='line_1_26' title="bbox 103 3044 1148 3149; baseline -0.003 -24"><span class='ocrx_word' id='word_1_189' title='bbox 103 3105 129 3143; x_wconf 86' lang='lat'>‚‚</span> <span class='ocrx_word' id='word_1_190' title='bbox 160 3064 303 3136; x_wconf 90' lang='lat' dir='ltr'>terunt,</span> <span class='ocrx_word' id='word_1_191' title='bbox 333 3048 470 3125; x_wconf 69' lang='lat' dir='ltr'>cunctis</span> <span class='ocrx_word' id='word_1_192' title='bbox 487 3048 715 3149; x_wconf 90' lang='lat' dir='ltr'>perspicuum</span> <span class='ocrx_word' id='word_1_193' title='bbox 733 3048 805 3126; x_wconf 85' lang='lat' dir='ltr'>eil:</span> <span class='ocrx_word' id='word_1_194' title='bbox 836 3044 899 3125; x_wconf 82' lang='lat' dir='ltr'>nili</span> <span class='ocrx_word' id='word_1_195' title='bbox 920 3047 1016 3125; x_wconf 90' lang='lat' dir='ltr'>sorte</span> <span class='ocrx_word' id='word_1_196' title='bbox 1038 3044 1148 3124; x_wconf 84' lang='lat' dir='ltr'>ludaei</span> 
     </span>
     <span class='ocr_line' id='line_1_27' title="bbox 104 3159 1148 3263; baseline -0.003 -26"><span class='ocrx_word' id='word_1_197' title='bbox 104 3217 129 3254; x_wconf 88' lang='lat'>„</span> <span class='ocrx_word' id='word_1_198' title='bbox 161 3159 235 3237; x_wconf 88' lang='lat' dir='ltr'>illas</span> <span class='ocrx_word' id='word_1_199' title='bbox 261 3162 425 3238; x_wconf 87' lang='lat' dir='ltr'>nationes</span> <span class='ocrx_word' id='word_1_200' title='bbox 451 3159 607 3239; x_wconf 87' lang='lat' dir='ltr'>asserunt</span> <span class='ocrx_word' id='word_1_201' title='bbox 631 3160 877 3263; x_wconf 87' lang='lat' dir='ltr'>perpessuras,</span> <span class='ocrx_word' id='word_1_202' title='bbox 915 3182 996 3262; x_wconf 85' lang='lat' dir='ltr'>quae</span> <span class='ocrx_word' id='word_1_203' title='bbox 1020 3173 1148 3235; x_wconf 89' lang='lat' dir='ltr'>contra</span> 
     </span>
     <span class='ocr_line' id='line_1_28' title="bbox 102 3272 1144 3371; baseline -0.004 -22"><span class='ocrx_word' id='word_1_204' title='bbox 102 3329 129 3366; x_wconf 86' lang='lat'>„</span> <span class='ocrx_word' id='word_1_205' title='bbox 156 3296 299 3351; x_wconf 88' lang='lat' dir='ltr'>auream</span> <span class='ocrx_word' id='word_1_206' title='bbox 314 3291 350 3348; x_wconf 92' lang='lat' dir='ltr'>et</span> <span class='ocrx_word' id='word_1_207' title='bbox 371 3289 589 3371; x_wconf 87' lang='lat' dir='ltr'>gemmatam</span> <span class='ocrx_word' id='word_1_208' title='bbox 608 3272 798 3352; x_wconf 90' lang='lat' dir='ltr'>lerusalem</span> <span class='ocrx_word' id='word_1_209' title='bbox 812 3273 895 3352; x_wconf 92' lang='lat' dir='ltr'>sunt</span> <span class='ocrx_word' id='word_1_210' title='bbox 909 3273 1144 3348; x_wconf 82' lang='lat' dir='ltr'>dimicaturae:</span> 
     </span>
     <span class='ocr_line' id='line_1_29' title="bbox 103 3380 1147 3486; baseline -0.002 -26"><span class='ocrx_word' id='word_1_211' title='bbox 103 3440 129 3478; x_wconf 85' lang='lat'>‚,</span> <span class='ocrx_word' id='word_1_212' title='bbox 161 3407 228 3462; x_wconf 84' lang='lat' dir='ltr'>nos</span> <span class='ocrx_word' id='word_1_213' title='bbox 256 3398 376 3461; x_wconf 77' lang='lat' dir='ltr'>autent</span> <span class='ocrx_word' id='word_1_214' title='bbox 405 3385 588 3473; x_wconf 90' lang='lat' dir='ltr'>dicemus,</span> <span class='ocrx_word' id='word_1_215' title='bbox 621 3409 752 3463; x_wconf 85' lang='lat' dir='ltr'>omnes</span> <span class='ocrx_word' id='word_1_216' title='bbox 783 3385 1052 3486; x_wconf 59' lang='lat' dir='ltr'>persecutorem</span> <span class='ocrx_word' id='word_1_217' title='bbox 1081 3380 1147 3483; x_wconf 91' lang='lat' dir='ltr'>qui</span> 
     </span>
     <span class='ocr_line' id='line_1_30' title="bbox 105 3493 1147 3590; baseline 0.001 -18"><span class='ocrx_word' id='word_1_218' title='bbox 105 3553 130 3590; x_wconf 85' lang='lat'>‚,</span> <span class='ocrx_word' id='word_1_219' title='bbox 162 3495 368 3573; x_wconf 87' lang='lat' dir='ltr'>afflixerunt</span> <span class='ocrx_word' id='word_1_220' title='bbox 397 3493 588 3574; x_wconf 81' lang='lat' dir='ltr'>Ecclesiam</span> <span class='ocrx_word' id='word_1_221' title='bbox 609 3495 787 3584; x_wconf 92' lang='lat' dir='ltr'>Domini,</span> <span class='ocrx_word' id='word_1_222' title='bbox 818 3510 860 3575; x_wconf 94' lang='lat' dir='ltr'>ut</span> <span class='ocrx_word' id='word_1_223' title='bbox 887 3515 1068 3574; x_wconf 87' lang='lat' dir='ltr'>taceamus</span> <span class='ocrx_word' id='word_1_224' title='bbox 1100 3495 1147 3573; x_wconf 84' lang='lat' dir='ltr'>de</span> 
     </span>
     <span class='ocr_line' id='line_1_31' title="bbox 106 3607 1152 3711; baseline -0.001 -26"><span class='ocrx_word' id='word_1_225' title='bbox 106 3663 129 3702; x_wconf 88' lang='lat'>,‚</span> <span class='ocrx_word' id='word_1_226' title='bbox 157 3608 289 3687; x_wconf 87' lang='lat' dir='ltr'>suturis</span> <span class='ocrx_word' id='word_1_227' title='bbox 308 3611 544 3695; x_wconf 89' lang='lat' dir='ltr'>cruciatibus,</span> <span class='ocrx_word' id='word_1_228' title='bbox 575 3611 683 3686; x_wconf 89' lang='lat' dir='ltr'>etiam</span> <span class='ocrx_word' id='word_1_229' title='bbox 710 3612 748 3686; x_wconf 94' lang='lat' dir='ltr'>in</span> <span class='ocrx_word' id='word_1_230' title='bbox 773 3608 936 3711; x_wconf 86' lang='lat' dir='ltr'>praesenti</span> <span class='ocrx_word' id='word_1_231' title='bbox 955 3607 1074 3684; x_wconf 90' lang='lat' dir='ltr'>seculo</span> <span class='ocrx_word' id='word_1_232' title='bbox 1095 3631 1152 3684; x_wconf 83' lang='lat' dir='ltr'>re·</span> 
     </span>
     <span class='ocr_line' id='line_1_32' title="bbox 105 3717 1147 3822; baseline -0.003 -24"><span class='ocrx_word' id='word_1_233' title='bbox 105 3776 129 3815; x_wconf 85' lang='lat'>„</span> <span class='ocrx_word' id='word_1_234' title='bbox 160 3717 315 3821; x_wconf 85' lang='lat' dir='ltr'>cepisse,</span> <span class='ocrx_word' id='word_1_235' title='bbox 344 3744 424 3822; x_wconf 85' lang='lat' dir='ltr'>quae</span> <span class='ocrx_word' id='word_1_236' title='bbox 444 3720 605 3817; x_wconf 83' lang='lat' dir='ltr'>fecerint.</span> <span class='ocrx_word' id='word_1_237' title='bbox 635 3717 817 3822; x_wconf 85' lang='lat' dir='ltr'>Legamus</span> <span class='ocrx_word' id='word_1_238' title='bbox 835 3717 1147 3799; x_wconf 87' lang='lat' dir='ltr'>ecclesiasticashi-</span> 
     </span>
     <span class='ocr_line' id='line_1_33' title="bbox 106 3829 1145 3939; baseline 0 -28"><span class='ocrx_word' id='word_1_239' title='bbox 106 3888 131 3928; x_wconf 94' lang='lat'>„</span> <span class='ocrx_word' id='word_1_240' title='bbox 161 3834 310 3911; x_wconf 80' lang='lat' dir='ltr'>storias:</span> <span class='ocrx_word' id='word_1_241' title='bbox 354 3832 442 3935; x_wconf 88' lang='lat' dir='ltr'>quid</span> <span class='ocrx_word' id='word_1_242' title='bbox 474 3829 714 3925; x_wconf 82' lang='lat' dir='ltr'>Valerianus,</span> <span class='ocrx_word' id='word_1_243' title='bbox 743 3834 834 3939; x_wconf 90' lang='lat' dir='ltr'>quid</span> <span class='ocrx_word' id='word_1_244' title='bbox 863 3830 1024 3919; x_wconf 84' lang='lat' dir='ltr'>Decius,</span> <span class='ocrx_word' id='word_1_245' title='bbox 1054 3832 1145 3934; x_wconf 89' lang='lat' dir='ltr'>quid</span> 
     </span>
     <span class='ocr_line' id='line_1_34' title="bbox 939 3940 1090 4041; baseline 0 -17"><span class='ocrx_word' id='word_1_246' title='bbox 939 4000 963 4041; x_wconf 89' lang='lat'>„</span> <span class='ocrx_word' id='word_1_247' title='bbox 992 3940 1090 4024; x_wconf 90' lang='lat' dir='ltr'>Dio·</span> 
     </span>
    </p>
   </div>
   <div class='ocr_carea' id='block_1_3' title="bbox 148 4018 490 4131">
    <p class='ocr_par' dir='ltr' id='par_1_3' title="bbox 148 4018 490 4131">
     <span class='ocr_line' id='line_1_35' title="bbox 148 4018 490 4131; baseline 0 -18"><span class='ocrx_word' id='word_1_248' title='bbox 148 4018 244 4129; x_wconf 68' lang='grc' dir='ltr'>Μ.</span> <span class='ocrx_word' id='word_1_249' title='bbox 268 4047 320 4113; x_wconf 90' lang='lat' dir='ltr'>lll.</span> <span class='ocrx_word' id='word_1_250' title='bbox 344 4067 374 4128; x_wconf 85' lang='lat' dir='ltr'>p.</span> <span class='ocrx_word' id='word_1_251' title='bbox 400 4059 490 4131; x_wconf 78' lang='lat'><strong>1798.</strong></span> 
     </span>
    </p>
   </div>
   <div class='ocr_carea' id='block_1_4' title="bbox 0 0 1258 4958">
    <p class='ocr_par' dir='ltr' id='par_1_4' title="bbox 0 0 1258 4958">
     <span class='ocr_line' id='line_1_36' title="bbox 0 0 1258 4958; baseline 0 0"><span class='ocrx_word' id='word_1_252' title='bbox 0 0 1258 4958; x_wconf 95' lang='lat' dir='ltr'> </span> 
     </span>
    </p>
   </div>
  </div>
 </body>
</html>
