2506 4958
140 287 153 310 .
255 261 406 339 regnum
428 235 557 334 cirilli
576 241 752 322 interris.
770 264 798 321 e.
829 230 967 323 XLI.¹
1050 268 1100 346 ¹⁷

76 408 156 509 pios
175 401 317 504 sentim
343 407 449 482 etiam
472 403 554 481 alibi
585 403 678 484 iacta
707 403 877 505 scriptura
896 401 1102 506 κατ’έξοῃὶι

76 538 195 599 locat:
239 518 347 594 veluti
383 515 430 594 D.
450 514 578 594 Paulos
602 514 825 616 fignanterl
851 518 940 598 Cor.
967 519 1032 603 Vl'.
1064 547 1097 603 r.

76 635 184 732 nguit
209 630 445 715 Corinthios,
476 629 577 728 quod
601 622 728 706 hebens
758 627 886 726 eliquit
914 636 1097 730 negotium

76 740 231 843 reversus
258 741 410 817 aiterum
435 741 562 823 nudent
581 741 737 818 iudicari
761 743 857 837 opteri
876 745 1033 842 iniquos.
1063 758 1099 824 et

76 880 130 934 nn
149 854 245 953 opteri
261 853 409 932 lanios.
470 852 527 929 An
547 850 705 950 nesttitit,
732 857 900 949 quoniam
918 855 1036 952 sontii
1056 858 1099 937 de

76 991 125 1047 tec
152 965 281 1042 mundo
303 962 548 1042 indicabunt?
588 974 622 1040 et
635 962 666 1058 fi
681 967 722 1040 in
753 963 865 1043 venie·
878 966 1103 1071 iudicabant

76 1081 237 1163 nundus,
266 1101 313 1153 nn
331 1078 474 1173 indigni
497 1074 598 1169 celiis.
638 1080 700 1173 que·
722 1077 764 1154 rie
782 1082 941 1157 minimis
968 1082 1101 1161 iudice·

76 1196 142 1273 ir?
159 1188 330 1289 Nescitis,
355 1191 521 1286 qulml'am
536 1186 677 1285 angelos
692 1188 955 1270 indicabimus?
972 1184 1101 1298 Quen.

76 1307 240 1400 emergis
257 1299 445 1396 secularia.
503 1301 577 1379 Ubi
615 1301 710 1380 haud
743 1301 895 1383 obscure
923 1309 961 1381 in
992 1328 1103 1407 argo.

76 1433 232 1496 nentum
257 1412 364 1491 huius
388 1413 572 1514 potestatis
601 1414 784 1492 iudicandi
803 1416 847 1493 ad
873 1413 964 1496 illud
989 1419 1103 1519 teipi-

76 1536 141 1627 it.
170 1527 272 1629 quod
298 1526 460 1605 Christus
479 1526 647 1626 apostolis
673 1525 740 1605 suis
768 1528 974 1627 pollicitus,
998 1529 1103 1611 sellu.
1238 1588 1241 1593 ,

77 1666 128 1720 os
146 1662 210 1718 eos
234 1639 337 1739 super
357 1637 454 1715 sedes
474 1638 694 1725 duodecim,
712 1653 749 1715 et
768 1641 989 1719 indicaturos
1008 1644 1103 1722 dno·

76 1757 184 1832 lecim
204 1753 318 1828 tribus
343 1749 471 1827 lsrael:
491 1750 594 1850 qnod
615 1745 735 1848 passim
751 1751 796 1826 de
816 1751 1041 1832 univetlitate
1061 1754 1103 1832 fi.

76 1863 203 1944 lelium
233 1866 513 1961 interpretantur
550 1859 653 1936 santii
684 1859 830 1949 Patres,
881 1879 1102 1960 argumento

76 1978 188 2056 'altem
208 1999 293 2073 erga
312 1996 397 2059 eos,
427 1974 490 2072 qni
510 1970 708 2069 legitimam
729 1969 830 2048 iacta
848 1971 1029 2074 scriptura
1047 1978 1103 2056 in.

77 2088 362 2192 etpretationem
409 2082 605 2160 secundnm
649 2083 885 2162 traditionem
927 2086 1102 2168 statuunt.

76 2201 199 2280 narrar
218 2196 384 2274 Thomas
409 2192 667 2294 Wolfingltam
697 2192 736 2284 n)
761 2195 980 2298 verfipellem
1011 2197 1104 2278 Wr-
1131 2197 1133 2200 ’

76 2310 235 2396 fielium,
267 2309 309 2384 ab
327 2307 502 2408 episcopis
527 2309 570 2384 ad
595 2330 746 2383 examen
776 2325 983 2388 revocatum
1012 2367 1034 2404 ‚,
1050 2310 1105 2390 ia.

76 2485 86 2520 ,
119 2448 206 2499 vore
227 2437 262 2497 et
286 2420 468 2519 diligentia
504 2415 789 2498 Londinenfiom
824 2420 982 2501 delnstise
1018 2423 1103 2503 suos

76 2596 86 2630 ‚
119 2537 407 2619 examinatores,
436 2533 628 2632 episcopos
658 2530 826 2621 deriirlie,
872 2551 906 2610 et
930 2527 1106 2643 evasiile„

76 2648 280 2744 abdoque,
302 2646 494 2744 quomodo
516 2647 666 2741 gratiam
688 2649 883 2743 captaverit
903 2646 1099 2736 laicorum.

76 2819 87 2854 ,
118 2762 179 2860 qni
199 2759 350 2832 libenter
367 2755 537 2840 audiunt,
575 2774 654 2853 quae
681 2756 840 2854 perverso
865 2752 978 2844 iunt,'
1015 2782 1104 2856 pta.

76 2931 87 2967 ,
119 2875 225 2968 cipue
248 2884 367 2944 tamen
393 2867 439 2943 de
462 2863 612 2944 Ecclefia
642 2884 681 2943 et
706 2866 866 2968 perionis
900 2867 1105 2946 ecclefialli.

76 3043 87 3078 ‚
116 2986 188 3066 cis,
222 2997 256 3057 et
281 2981 433 3054 libenter
459 2977 712 3076 impelluntur,
759 2979 801 3054 ad
831 2979 958 3056 damna
987 2997 1022 3057 et
1050 2984 1107 3057 in·

76 3156 87 3189 ,
119 3097 223 3170 iuriae
244 3089 445 3167 inferendas
467 3088 638 3188 religiosis
655 3107 691 3167 et
711 3090 857 3168 clericis.
887 3122 920 3141 -·
949 3092 1106 3171 Domini

77 3266 89 3300 ,
119 3224 155 3281 et
182 3193 363 3299 magnates
396 3221 519 3289 tetrae,
559 3204 736 3300 multique
764 3203 809 3279 de
838 3205 979 3302 populo
1006 3202 1103 3305 ipsos

77 3378 88 3413 ,
117 3310 427 3416 (Wicleffistas)
463 3317 499 3388 in
526 3313 592 3389 iuis
625 3315 943 3413 praedicationibus
972 3315 1106 3393 confo-

76 3489 90 3524 θ
122 3445 276 3512 verunt,
305 3445 340 3503 et
361 3427 525 3502 laverunt
548 3427 822 3524 predicantibus
849 3426 917 3503 hos
942 3452 1106 3516 errores,

79 3564 165 3635 ‚eo
197 3561 327 3638 nempe
348 3542 521 3620 maxime,
568 3541 652 3636 quia
684 3540 893 3637 potestatem
926 3538 1024 3629 laicis
1045 3543 1110 3618 tti-

76 3712 89 3747 ,,
121 3654 279 3727 buerunt
301 3652 367 3726 suis
391 3647 638 3725 aliettionibus
665 3650 708 3725 ad
747 3649 983 3728 auferendum
1013 3667 1110 3729 tem·

76 3823 92 3858 ‚,
120 3765 254 3861 poralia
273 3788 290 3837 a
310 3765 392 3836 viris
418 3759 655 3839 ecclefiatttcis
686 3776 722 3840 et
749 3761 970 3863 religiofis„.
1016 3762 1109 3873 Ηῑειῑ1

76 3876 131 3953 ille
151 3875 193 3950 ad
217 3899 274 3950 an.
297 3893 411 3967 1377.

76 3987 177 4067 Tom.
215 3985 257 4064 ll.
384 4041 387 4046 ι
579 3977 623 4062 Β
968 3978 1054 4066 Fun

111 4096 145 4163 a)
169 4089 251 4169 ingl.
280 4086 342 4155 hili.
365 4106 396 4169 p.
417 4105 486 4166 top.
