2506 4958
166 288 173 303 .
200 248 353 329 regnum
372 222 500 319 cirilli
512 218 727 311 interum.
742 206 907 313 XXVII.
929 240 956 283 ·'
1025 237 1111 335 nd
1185 178 1189 193 ·

54 450 80 496 „
111 398 198 483 tris,
231 392 332 471 Mars
356 396 393 469 in
425 393 568 480 arenis,
599 390 803 471 Mercurius
836 397 873 471 in
910 396 1100 496 palaellrisz

54 568 79 606 „
109 526 146 587 et
178 507 262 583 ideo
296 530 364 605 pro
396 504 567 605 qualitate
594 505 781 583 mdiorum
810 509 928 585 cultus
958 511 1008 587 est
1043 513 1100 592 su.

55 680 79 719 ‚,
105 621 370 723 perstitionum.
433 615 625 715 Quidquid
672 619 980 697 immunditiarum
1023 627 1098 716 est.
1238 616 1243 689 s

56 792 80 832 „
111 733 186 825 huc
206 745 393 808 exercetur
413 730 448 804 in
473 727 639 820 theatris3
671 731 848 829 quidquid
872 730 1099 816 luxuriarum

55 903 79 941 „
110 843 367 944 iupalaeliris3
399 839 577 939 quidquid
613 842 925 920 immoderationis
958 849 994 920 in
1028 852 1100 925 cir.

55 1014 80 1053 ‚,
111 960 181 1049 cis;
209 953 386 1056 quidquid
414 953 546 1028 luroris
570 953 607 1028 in
639 957 764 1029 caveis.
825 956 917 1031 Alibi
948 959 997 1035 est
1028 962 1099 1038 im-

56 1127 81 1165 „
111 1067 307 1170 pudicitia,
350 1065 434 1169 alibi
466 1061 625 1147 lascivia.
673 1063 756 1141 alibi
796 1069 1098 1167 intemperantia.

56 1240 80 1276 ,‚
109 1181 193 1258 alibi
217 1177 371 1263 insania,
405 1178 540 1275 ubique
563 1176 729 1262 daemoo,
763 1180 840 1252 imo
864 1203 928 1279 per
957 1178 1096 1279 lingula

59 1349 83 1387 ,‚
112 1291 339 1368 ludicrorum
373 1288 471 1372 loca,
502 1287 659 1363 universa
687 1286 896 1367 daemunum
923 1295 1096 1375 monstra.

61 1463 85 1500 ‚,
114 1403 306 1482 Praelident
327 1403 423 1476 enim
447 1398 583 1475 sedibus
604 1398 668 1476 luo
684 1401 795 1477 cultui
816 1402 995 1481 dedicatis.
1042 1406 1099 1488 Au

60 1574 84 1612 ,,
114 1540 178 1616 per
203 1515 275 1590 hoc
297 1515 335 1588 in
359 1511 562 1611 spectaculis
593 1510 689 1588 istius
714 1515 813 1589 modi
842 1540 917 1592 nun
946 1515 1016 1594 solu
1044 1519 1098 1599 est

58 1687 82 1723 ‚,
113 1627 299 1709 illecebra.
338 1647 404 1699 nec
434 1622 506 1698 sula
535 1621 714 1699 vitiolitas.
774 1625 968 1704 Adurilceri
997 1634 1098 1713 enim

60 1798 84 1835 ‚,
115 1740 201 1818 huic
228 1735 457 1815 christianum
476 1734 663 1811 homiuem
681 1735 939 1834 superstitioni,
978 1766 1096 1840 genu·
1242 1704 1251 1827 ,Ι

61 1909 85 1948 „
115 1853 165 1929 est
189 1849 381 1947 sacrilegii,
413 1847 495 1945 quia
519 1869 646 1923 eorum
673 1849 829 1925 cultibus
858 1857 1097 1944 comunicat‚

62 2021 85 2059 „
114 1985 273 2064 quorum
306 1960 549 2036 festivitatibus
588 1956 790 2034 deludatur.
816 2016 839 2053 ‚,
893 1961 986 2041 Sunt
1020 1965 1098 2045 haec

62 2077 223 2176 reliquiae
249 2071 540 2172 superstitionum
572 2072 849 2169 paganicum,
896 2097 983 2175 quas
1009 2076 1098 2177 [προ

64 2191 136 2267 iam
164 2205 266 2264 antea
292 2179 496 2269 incellerat,
536 2198 643 2281 atque
667 2182 771 2258 initio
793 2183 906 2260 statim
930 2187 1010 2262 libri
1036 2189 1099 2266 ad.

64 2301 139 2378 huc
175 2300 300 2400 peiora
330 2299 367 2371 in
401 2293 561 2370 medium
596 2291 752 2392 profert:
801 2295 943 2391 „Quid
969 2298 1098 2377 enim?

64 2470 89 2506 ‚,
119 2409 297 2511 Nunquid
325 2430 401 2483 non
428 2405 652 2483 consulibus·
669 2420 705 2482 et
728 2406 816 2504 pulli
835 2409 954 2489 adhuc
978 2416 1100 2510 genti-

65 2580 88 2618 „
118 2524 206 2600 lium
229 2519 495 2618 lacrilegiorum
522 2542 625 2593 more
652 2517 854 2616 pascuntur,
883 2535 918 2598 et
944 2524 1098 2602 volantis

64 2692 88 2729 „
117 2656 245 2734 peunae
276 2635 425 2729 auguria
452 2630 781 2730 quaeruntur&c.„
852 2632 920 2707 Sed
950 2632 1025 2714 haec
1051 2660 1099 2715 eo
1220 2661 1223 2675 ,

67 2750 189 2824 minus
225 2748 312 2820 mira
346 2743 457 2818 videri
492 2742 642 2826 debent,
692 2744 793 2838 quod
827 2744 906 2839 poli
938 2743 1099 2824 seculum

69 2857 191 2936 adhuc
213 2860 249 2933 in
271 2854 344 2955 ipsa
369 2853 466 2930 ltalia
487 2851 604 2933 cultus
635 2849 881 2932 idololatricus
903 2855 988 2935 hinc
1013 2860 1100 2938 iude

68 2966 262 3049 obtinuille
288 2968 439 3066 legatur.

150 3130 266 3209 Porro
287 3129 375 3213 dum
399 3127 555 3206 lulianus
578 3125 733 3226 apostata
758 3123 938 3206 idolorum
961 3131 1103 3213 cultum

66 3244 112 3322 ab
129 3242 248 3319 inferii
272 3243 352 3341 post
381 3241 540 3316 medium
565 3239 626 3316 lec.
655 3237 717 3315 lV.
746 3247 946 3330 revocavit,
980 3247 1103 3341 pallim

67 3378 158 3432 mox
175 3358 250 3430 eius
264 3354 421 3430 cultures
437 3350 661 3450 prodierunt,
678 3351 817 3428 licerer
831 3352 1105 3451 legeConstun·
1152 3438 1156 3451 ¹

68 3471 112 3545 tis
123 3466 352 3546 Constantini
368 3464 428 3539 lilii
442 3459 640 3551 u)eonliet,
656 3461 755 3540 illum
771 3464 932 3540 sacrificia
949 3466 1106 3546 celebra·
1156 3466 1159 3475 “

68 3604 108 3655 te
124 3574 267 3664 vetalle,
290 3575 521 3655 Constantius
536 3576 641 3651 etiam
656 3572 789 3673 templa
803 3578 994 3673 gentilium
1008 3579 1106 3658 clau.

67 3690 104 3768 di
123 3687 275 3775 miserit,
307 3703 342 3766 et
359 3686 486 3765 Romae
502 3686 713 3764 clandestina
731 3684 895 3763 'sacrificia
915 3691 1104 3782 norlurnu.

68 3826 110 3877 ac
134 3800 334 3879 universum
363 3800 502 3878 cultum
529 3796 801 3877 simulacrorum
826 3798 890 3878 sub
916 3825 1026 3904 poena
1048 3828 1108 3884 ca·

69 3907 179 3992 Turi.
208 3912 233 3990 l.
533 3909 561 3989 P
968 3918 1054 4013 pitis

109 4082 146 4169 a)
167 4079 241 4148 Curi.
261 4074 373 4148 theod
393 4073 427 4147 1.
448 4069 533 4153 xvi
555 4071 593 4150 de
605 4072 734 4167 dignuin.
750 4068 794 4148 ll.
818 4044 875 4150 ii.
900 4099 929 4160 4
950 4085 1024 4164 M·
1099 4098 1105 4120 l
1147 4140 1151 4149 .
