2512 4620
253 236 404 314 rausum
424 208 554 306 Gdrbli
571 214 616 293 in
629 214 751 297 rm.
767 235 795 293 s.
811 211 931 299 XLV.
1030 238 1107 313 17¹

69 373 212 458 finilicae
238 379 434 478 capitibus,
464 400 591 462 retum
612 372 723 461 etiam
742 379 781 453 in
802 377 1050 470 incramentis..
1075 396 1113 463 et

69 492 167 571 votis
191 488 277 569 Deo
304 488 659 577 indomitabilis,
704 489 897 571 ordinibus
919 492 1042 580 boris,
1074 509 1112 573 et

69 602 175 680 statui
205 601 377 701 religioso
402 603 573 688 annexis.
603 599 912 680 indiscriminatim
939 606 1113 684 omnibus

69 713 247 816 episcopis
282 712 505 814 dspenrmdr
539 712 683 794 licentia
714 712 801 792 sada
833 714 970 791 luerit?
1013 713 1112 797 Cum

64 830 286 909 contrariam
319 849 342 902 e
371 825 550 903 diametro
581 826 632 902 ob
675 827 858 902 tationem
895 826 1109 907 huiusmodi

73 938 331 1017 reservationis
347 934 633 1037 annuntiemus,
653 937 834 1024 consiliis,
851 939 1009 1038 generali
1026 963 1116 1041 prae·

70 1050 193 1127 sertim
216 1049 437 1135 Tridentino
464 1047 563 1127 nun
587 1047 732 1129 fuerint
794 1049 850 1128 Au
875 1052 965 1129 titus
986 1054 1024 1128 in
1045 1049 1113 1131 Eo-

65 1161 201 1253 clelia,
231 1162 374 1263 aliaque
395 1159 606 1260 discipliuae.
620 1163 739 1260 capita
763 1164 938 1239 maiorem
965 1160 1112 1247 firmita-

69 1287 146 1356 tem
172 1274 544 1374 conformitatemque
568 1271 776 1360 habebunt,
822 1270 849 1349 b
869 1274 1018 1352 cuilibet
1038 1279 1115 1375 epi.

73 1386 193 1489 scopo
219 1390 404 1486 integrum
427 1384 556 1472 luerit.
587 1408 628 1466 ac
650 1385 803 1463 liberum
827 1384 873 1463 de
902 1384 973 1465 illis
995 1388 1115 1485 dispo·

67 1498 178 1577 nere?
207 1497 267 1580 An
285 1521 363 1574 nou
376 1496 628 1576 lactoiaudius
643 1498 712 1583 est.
729 1521 771 1583 ac
788 1501 982 1595 integrius,
1011 1499 1114 1600 quod

68 1613 146 1708 egit
176 1609 437 1691 Tridentinum
469 1609 669 1689 concilium
684 1612 721 1686 iu
747 1609 817 1686 luis
841 1609 1113 1691 delinitionibus

68 1722 116 1798 de
140 1721 235 1812 lide,
266 1723 450 1806 motibus,
481 1735 517 1799 et
538 1718 744 1817 disciplina,
787 1735 861 1798 tam
887 1739 1016 1798 contra
1045 1723 1114 1801 bae.

66 1839 221 1920 reticos,
250 1857 361 1935 quam
388 1833 499 1914 etiam
524 1828 704 1916 discolos,
735 1829 948 1926 refragatius
966 1834 1035 1914 dec.
1058 1837 1115 1910 in-

66 1960 122 2027 ter
150 1944 298 2031 fideles,
329 1943 385 2023 his
411 1940 604 2040 prasertim
628 1939 936 2040 deprauatiffimin.
965 1944 1011 2018 ad
1030 1968 1113 2019 om·
1158 1958 1165 1971 ·

68 2081 155 2133 nem
196 2052 491 2139 dillolutionem,
528 2051 828 2139 libertinilmum‚
873 2068 910 2130 et
936 2053 1116 2152 irreligio-

65 2193 153 2247 nem
176 2166 400 2267 proclivibus
415 2162 677 2267 temporibus?
719 2162 821 2265 Quid
842 2187 931 2247 reto
951 2163 977 2243 li
997 2167 1113 2244 abieo-

67 2283 114 2356 tis
133 2279 496 2378 congregationibus
516 2279 552 2353 in
572 2277 671 2358 bunc
690 2274 797 2357 finem
822 2275 950 2360 Romae
976 2278 1114 2356 institu.

68 2396 139 2480 tis,
167 2391 445 2494 posthabitaque
463 2387 637 2475 Romana
661 2388 750 2468 sedis
772 2391 1004 2478 sonoritate,
1034 2393 1115 2492 qui·

65 2504 155 2581 libet
181 2502 388 2605 episcopus.
422 2505 500 2579 imo
525 2526 596 2602 pto
627 2504 756 2579 nostra
778 2506 889 2584 aetatis
911 2501 1055 2586 lieentia
1071 2527 1113 2584 ac

65 2615 255 2702 libertate,
283 2614 414 2691 sublata
430 2617 518 2713 quin
535 2617 613 2690 imo
638 2615 698 2689 vix
721 2636 799 2688 non
824 2612 1017 2715 episcopali
1043 2615 1114 2714 ipsa

66 2728 245 2829 potestate
272 2726 575 2824 auctoritateque,
599 2724 819 2822 quirisalius
835 2725 1116 2827 quidvisstatuat

63 2838 164 2941 apud
188 2838 253 2924 se,
290 2850 429 2935 etagat
446 2860 516 2937 pro
534 2833 686 2917 lubitu?

142 2998 361 3082 Grammion
381 3020 474 3075 vero.
486 3009 614 3082 contra
633 2992 837 3077 Romanam
859 2994 1000 3084 sedem,
1026 2995 1114 3074 dum

67 3113 279 3200 causantur.
317 3133 444 3189 eorum
476 3110 698 3211 precipuum
728 3129 818 3186 mox
848 3108 976 3187 dicunt
1001 3131 1116 3207 punc-

66 3241 229 3314 ratores,
247 3223 318 3325 ipsa
340 3219 409 3300 elle
426 3220 628 3301 Germaniae
639 3219 894 3307 Concordata.
926 3223 1058 3322 quibus
1077 3223 1115 3297 in

69 3337 294 3439 exequendis
321 3336 459 3415 iuribus
486 3335 619 3417 fuerint
643 3333 834 3411 hierarchae
858 3336 975 3410 caeteri
1000 3339 1114 3433 impe·

50 3450 162 3535 diti,
193 3446 384 3549 ipsumque
407 3445 466 3525 SS.
486 3445 745 3525 Tridentinum
760 3445 956 3524 concilium
980 3445 1038 3521 hic
1061 3450 1117 3521 in·

71 3557 215 3645 colant:
246 3583 330 3637 curn
356 3575 478 3638 tamen
500 3581 545 3640 ert
562 3557 719 3638 articulis
743 3556 811 3632 illis
837 3556 1004 3654 elegatis
1033 3554 1115 3634 Fer·

72 3671 223 3752 dinnndi
239 3694 258 3746 a
277 3674 423 3750 natione
445 3670 662 3751 Germanica
681 3667 838 3745 concilio
863 3667 1016 3755 oblatis,
1034 3692 1113 3769 quae

70 3785 170 3888 apud
187 3781 388 3884 Luniginnr
405 3781 446 3875 a)
460 3785 657 3885 leguntur,
687 3778 778 3860 nihil
799 3779 843 3859 de
860 3778 913 3859 his
929 3780 1112 3867 habentur,

1016 3928 1059 3994 ut

114 4023 150 4100 n)
172 4015 273 4100 Spieil.
297 4016 371 4084 ecel.
396 4016 424 4083 P.
451 4013 473 4081 l
497 4034 526 4097 p.
555 4034 627 4097 490.
651 4012 728 4095 seqq.
