2506 4958
890 85 899 141 l

247 281 399 358 regnum
418 255 549 348 maior
565 259 739 338 interris
753 281 782 340 e.
799 254 1003 342 XXXVII.
1065 282 1146 382 327

96 422 303 543 iteraretur
324 423 544 524 imperator:
586 437 702 531 prout
727 422 909 536 frequenti
930 428 968 507 in
997 424 1140 531 synodo

96 538 172 642 luit
198 535 429 620 declaratum.

184 715 476 798 Rememoranda
494 715 552 797 hic
571 715 671 804 sont.
701 740 783 825 quaa
807 716 909 822 supra
929 744 1004 825 cap.
1025 708 1134 802 XVI.
1205 744 1208 749 ·

96 835 139 911 in
161 848 272 932 caput
294 828 339 912 ΙΙ.
369 844 406 905 et
438 826 519 909 Vll.
552 827 711 912 Danielis
741 833 787 911 de
821 850 979 931 quatuor
1007 836 1135 915 mundi
1203 835 1233 893 '-

99 941 324 1024 monarchiis
344 939 590 1024 disseruimus:
621 945 799 1044 imprimis
823 958 943 1026 autem
962 947 1008 1025 de
1029 971 1136 1049 quar·

99 1072 138 1136 ta
168 1054 355 1140 Romana,
403 1056 505 1132 cuius
534 1055 601 1135 fata
625 1078 671 1137 ex
702 1055 902 1160 apocalypfi
931 1056 966 1137 S.
988 1057 1133 1142 loannis

97 1170 205 1268 supra
228 1190 305 1267 cap.
326 1163 421 1251 XX.
451 1165 726 1266 explicavimus:
762 1192 843 1270 qnae
862 1169 950 1248 dom
973 1194 1049 1248 non
1081 1184 1136 1249 at·

101 1281 327 1366 tenduntnr,
347 1295 404 1357 tor
417 1277 559 1356 diverfis
580 1282 802 1380 temporibus
818 1281 955 1359 somnia
968 1280 1136 1363 somniati

97 1393 184 1471 sunt
209 1414 312 1489 reges
344 1406 445 1476 terrae
469 1391 664 1491 aliquando
696 1395 824 1478 etiam,
874 1394 985 1477 veluti
1011 1395 1133 1479 seculo

98 1505 200 1592 hoc,
231 1506 365 1607 inquo
385 1526 483 1580 nnnc
503 1503 709 1592 versamur,
755 1506 900 1583 decimo
921 1510 1133 1608 interpreta-

97 1620 240 1697 tionem
260 1616 389 1699 lomoii
407 1614 814 1699 Nabuchodonosorisa
833 1616 984 1701 Daniele
1002 1620 1129 1702 fallam
1224 1606 1228 1619 ⁵

97 1753 170 1834 pro
192 1727 249 1806 sua
274 1728 484 1806 dominandi
508 1729 655 1809 libidine
677 1731 918 1830 accipientes.
963 1730 1023 1809 sed
1049 1758 1131 1832 per.

95 1865 222 1946 peram
239 1842 406 1921 omnino
470 1838 569 1917 Dicit
589 1840 756 1940 equidem
776 1839 908 1919 Daniel
923 1840 1129 1943 o)regnum

95 1967 292 2055 quartum,
322 1952 359 2033 id
385 1952 434 2033 est
453 1948 684 2041 Romanum,
730 1952 810 2036 fore
836 1950 935 2037 velut
956 1950 1129 2052 serrum:

95 2064 266 2162 quomodo
283 2059 431 2163 ferrum
451 2067 676 2151 comminuit,
706 2077 740 2140 et
762 2064 881 2145 domat
911 2070 1054 2155 omnio,
1084 2065 1130 2156 fio

94 2172 320 2263 comminuet.
350 2187 384 2261 et
403 2188 558 2255 conteret
576 2178 695 2261 omnio
710 2176 796 2259 hac:
819 2181 1000 2262 anteriora
1019 2183 1128 2261 nimi-

91 2314 177 2369 rum
207 2313 316 2388 regna
335 2289 392 2367 seu
424 2288 669 2376 monarchias,
700 2313 854 2392 quarum
875 2314 985 2369 aureo
1012 2295 1129 2393 capite

90 2406 207 2504 prima
226 2400 471 2502 Aliyriornm,
489 2419 662 2500 argenteo
679 2403 868 2500 petloreet
881 2403 1032 2488 brachiis
1050 2403 1130 2483 Me·

92 2516 228 2592 dorum
250 2532 286 2595 et
303 2512 509 2601 Persarum,
527 2539 621 2590 aereo
642 2532 765 2597 ventre
780 2532 816 2592 et
839 2515 1036 2593 femoribus
1057 2532 1129 2597 ter-

93 2630 143 2712 tia
176 2650 378 2725 graetorum
414 2625 484 2711 fuit
508 2625 687 2722 defignata
714 2630 752 2703 in
784 2626 893 2704 statua
927 2627 1128 2707 Nabucho-

94 2738 318 2827 donoloris,
368 2739 462 2820 tibils
487 2755 607 2814 autem
631 2737 751 2820 ferreis
781 2755 906 2840 quarta
934 2735 1124 2827 Romana,

92 2851 236 2927 duabus
261 2851 356 2932 tibiis
380 2848 558 2946 lignanter
587 2852 623 2924 in
647 2848 864 2932 occidentali
897 2865 933 2926 et
961 2852 1126 2932 orientali

92 2965 280 3062 imperio:
311 2964 407 3047 euius
430 2962 555 3058 pedam
582 2959 739 3056 quadam,
762 2956 1008 3057 pensores,
1037 2986 1127 3058 qua.

94 3074 178 3160 (iam
204 3071 463 3178 autemsttiiiis.
499 3072 592 3167 alid
615 3073 718 3178 quod
731 3074 854 3173 pollea
874 3077 1126 3180 interpretatus
1198 3174 1200 3179 Ι

94 3186 302 3290 propheta,
335 3186 481 3274 Porto.
511 3190 656 3286 inquit,
687 3188 771 3281 quio
793 3183 913 3274 uirlrllr'
937 3186 1063 3283 pedum
1090 3197 1126 3263 et

94 3297 293 3395 digitorum
318 3310 458 3395 partem
484 3295 709 3395 iellaefigali,
740 3308 773 3379 et
790 3309 934 3393 portem
942 3295 1126 3397 ferream:

92 3435 245 3507 regnum
271 3411 425 3509 divisum
454 3414 547 3496 erit,
597 3409 690 3511 quod
722 3419 840 3489 tomen
877 3410 919 3495 de,
943 3408 1126 3506 plantario

89 3519 190 3626 ferri
215 3526 382 3608 orietur,
409 3519 602 3621 sectandum
635 3520 728 3617 quorl
749 3517 868 3606 virili
889 3517 1035 3619 farrum
1058 3527 1127 3598 mi·

89 3633 181 3727 stum
212 3646 316 3715 terra
336 3659 381 3713 ex
400 3633 498 3719 luto:
525 3645 558 3715 et
576 3633 705 3732 digitos
721 3633 849 3737 peritam
871 3657 915 3711 ex
933 3645 1036 3732 prrrte
1045 3630 1128 3732 ser.

92 3771 194 3833 reos,
225 3758 259 3824 et
283 3763 328 3829 ex
351 3758 455 3843 porte
469 3744 622 3848 fictiles:
672 3757 841 3844 exparte
875 3769 1024 3843 regnum
1055 3749 1128 3824 erit

89 3857 268 3968 solidam,
292 3871 325 3945 et
351 3883 396 3943 ex.
413 3872 517 3965 purte
540 3859 743 3941 contritum.
800 3854 908 3961 Quod
929 3870 1046 3936 autem
1072 3860 1128 3935 oi·

604 3966 702 4064 X4
994 3965 1072 4062 cliiii

138 4129 173 4195 al
195 4125 270 4190 Dan.
294 4122 333 4189 ll.
359 4144 408 4200 4ο.
474 4126 508 4203 b)
528 4122 603 4189 Dan.
625 4122 664 4195 lt.
691 4140 737 4203 33.
761 4143 790 4186 v.
813 4126 869 4198 ar:
