2506 4958
167 3883 201 3957 a)
223 3879 258 3944 T.
288 3879 336 3943 IV.
370 3878 444 3942 llibl.
472 3878 521 3941 l’P.
549 3898 577 3955 p.
605 3887 654 3953 ⁶3·

74 3968 80 3997 ι
159 3968 200 4125 p}
223 3965 285 4027 Lib.
302 3964 323 4026 l.
339 3984 364 4024 e.
382 3983 406 4024 r.
425 3965 462 4023 de
475 3964 530 4024 civ.
548 3961 600 4024 uei
618 3961 653 4025 T.
666 3961 728 4027 Vll·
746 3981 776 4043 p.
795 3982 820 4027 r.

77 4046 83 4106 l

162 138 170 146 ν
306 229 458 305 regnum
480 200 610 294 carisi
624 201 665 283 iti
679 151 798 286 terris.
817 227 845 285 e.
862 204 964 288 LXI.
1062 212 1145 309 ξας

106 373 212 462 dicii,
260 383 600 450 commemorantur
623 366 727 448 simul
762 393 805 448 ac
836 361 1019 450 excidium
1043 376 1143 454 urbis

106 482 463 585 Hierosolymitanae,
494 499 622 583 typum
649 504 734 560 cum
758 487 925 585 antitypo
942 485 1140 565 nedeudo:

104 599 261 701 apostoli
284 601 391 675 etiarn
414 611 450 672 et
472 594 532 673 SS.
549 591 668 673 Patres
694 594 832 696 semper
857 611 1013 684 terrent,
1044 597 1142 697 quali

105 712 213 789 instet
232 710 306 786 dies
333 706 499 785 Domini.
559 705 609 784 lta
630 726 779 808 quoque
802 706 954 787 loannes
978 710 1017 785 in
1041 710 1157 810 Apo·-

104 819 263 923 calypsr,
293 821 382 897 dum
400 818 564 896 describit
583 819 652 896 iata
666 821 851 920 utriusque
868 823 969 920 regni
989 820 1141 911 Christi,

105 949 145 1014 et
169 933 278 1012 huius
300 931 428 1009 mundi
448 929 561 1033 usqne
585 931 630 1008 ad
660 947 768 1031 caput
793 930 1037 1029 vigefinrum,
1065 958 1157 1035 quo·
1224 932 1227 939 ’

108 1049 214 1147 regni
234 1048 422 1144 utriusque
439 1046 474 1118 in
493 1043 595 1120 terris
609 1041 689 1119 finis
709 1042 879 1136 habetur3
904 1047 940 1119 in
961 1047 1158 1144 prioribue'

107 1173 230 1238 tamen
247 1160 352 1234 etiam
368 1155 544 1255 capitibus
563 1153 700 1255 semper
716 1155 878 1254 quaedam
896 1156 1040 1244 miscet.
1065 1181 1157 1260 qun

106 1274 292 1374 pertinent
310 1268 353 1344 ad
381 1265 578 1368 principale
607 1266 790 1344 obieslum
815 1266 1158 1371 consummationis*

109 1380 241 1476 seculi3
271 1380 360 1458 dnm
381 1380 562 1457 excidium
594 1376 858 1477 Hierosolymo
880 1402 923 1458 ac
950 1376 1149 1462 tats'urtm

108 1490 239 1575 Romae
267 1495 423 1592 profanae
446 1490 625 1592 explicat:
668 1514 747 1591 quae
765 1509 867 1568 erant
891 1489 995 1571 simul
1022 1491 1157 1592 figmae·
1189 1541 1191 1545 ‚

109 1605 298 1708 quedam.
330 1606 533 1702 imagines,
568 1616 605 1678 et
633 1600 847 1701 praearnbula
872 1600 1004 1681 excidii
1033 1609 1146 1691 orbis.

110 1718 173 1797 Sic
197 1721 304 1793 etiam
331 1717 366 1792 S.
388 1713 598 1790 Vidnrinus
623 1736 677 1810 ep.
706 1712 825 1790 Petav.
853 1714 961 1791 et-M.
987 1720 1093 1796 nobis
1109 1715 1155 1808 a),

110 1828 198 1909 sistit
216 1825 403 1905 Ecclesiam
420 1828 456 1900 in
476 1839 585 1923 caput
604 1819 715 1901 XXl.
741 1836 799 1899 16.
831 1824 954 1901 Schol.
971 1829 1011 1902 in
1032 1830 1148 1929 Apoe

109 1997 137 2040 „
164 1939 355 2020 Civitatem
375 1931 572 2036 (inquam)
587 1935 818 2034 quadratam,
839 1933 1040 2015 sannorum
1060 1941 1150 2018 adu.

108 2109 136 2150 ,‚
164 2065 282 2127 natam
318 2050 461 2126 turbam
495 2046 680 2133 ostendit,
730 2048 916 2148 inquibus
935 2050 1040 2128 nullo
1067 2075 1151 2128 ruo-

111 2220 138 2260 „
167 2163 217 2238 do
249 2160 334 2238 fides
364 2159 536 2237 flutiuare
564 2157 683 2259 potest
706 2201 739 2252 ,-,.
800 2159 840 2237 ld
865 2162 967 2259 quod
1000 2164 1151 2262 perinde

111 2278 272 2380 pertinet
295 2272 337 2349 ad
353 2267 629 2369 gluriofiffimnm
652 2266 834 2348 civitatem
846 2270 939 2359 Dei.
956 2291 996 2351 ut
1011 2273 1151 2353 cumS.

114 2387 320 2486 Augustino
344 2382 383 2476 b)
406 2384 566 2485 loquar*⁸
613 2382 828 2486 finiamque,
874 2387 973 2464 unde
1000 2387 1154 2467 exorsus

112 2499 216 2584 sum,
247 2495 415 2590 „sivein
446 2495 519 2574 hoc
543 2512 752 2596 temporum
782 2496 912 2584 cursu,
947 2522 1032 2576 cum
1057 2503 1167 2577 inter'

110 2667 138 2709 ,‚
168 2614 299 2708 impios
321 2610 591 2708 peregrinatur,
623 2629 670 2683 ex
693 2607 763 2682 fide
780 2611 922 2696 vivens,
952 2608 1022 2686 live
1040 2611 1152 2688 inille

112 2779 146 2820 ,‚
169 2721 351 2797 stabilitate
376 2718 465 2796 sedis
494 2735 666 2802 aeterne,
715 2742 823 2819 quam
849 2744 948 2798 nunc
975 2720 1153 2821 exipeslat

113 2890 141 2931 ,‚
171 2858 234 2933 per
264 2833 496 2930 patientiam,
543 2828 775 2930 quoadusque
800 2833 928 2909 iustitia
965 2849 1155 2910 converta-

115 3001 142 3041 ‚,
173 2960 231 3022 tur
252 2947 287 3018 in
304 2944 500 3029 iudicium.
526 2941 694 3042 deinceps
709 2941 881 3043 adeptura
898 2968 962 3042 per
978 2943 1156 3023 excelleo·
1234 2948 1238 2959 '

114 3113 142 3156 ,ο
170 3061 256 3135 tiam
283 3054 430 3132 vitioria
451 3053 574 3134 ultima
597 3077 642 3131 ex
663 3078 752 3156 pace
770 3056 923 3156 persesla
939 3112 974 3150 „.

204 3217 337 3319 Neque
360 3218 460 3293 enim
482 3239 663 3316 unquam,
708 3216 899 3318 praesertim
921 3232 1042 3296 autern
1074 3241 1156 3317 per·

117 3329 362 3408 turbatillimis
397 3331 623 3427 temporibus
652 3351 697 3403 ex
722 3329 838 3406 oculis
866 3330 1079 3408 dimittenda
1106 3330 1156 3407 est

118 3440 254 3520 Christi
275 3440 447 3541 apostolis
475 3439 562 3516 satta
589 3439 796 3538 promissio:
841 3439 922 3518 Ecce
952 3465 1015 3538 ego
1040 3438 1157 3519 votis-

117 3576 200 3632 cum
209 3553 291 3650 sum
312 3551 416 3649 usque
440 3551 488 3627 ud
498 3552 827 3648 conjummutionem
838 3550 969 3651 seculi:
999 3559 1033 3629 in
1057 3553 1153 3654 spem

123 3682 162 3743 et
187 3665 349 3744 solarium
371 3662 531 3743 Ecclesiae
548 3662 743 3742 electorum
764 3677 878 3754 tunc,
907 3666 1072 3766 quando,
1102 3667 1158 3740 ni·

578 3773 671 3864 Xe
1067 3772 1107 3875 fi

223 4045 329 4109 lllattlr.
346 4044 459 4109 xxiv,
484 4061 533 4107 22.
559 4063 607 4118 24.
