2506 4958
228 135 381 212 regnum
402 107 538 202 curem·
553 113 593 194 in
614 115 734 203 terris.
754 135 784 224 n
805 110 926 193 XLII.
966 177 968 179 ,
1041 133 1092 210 4¹

55 272 274 395 „Primum
310 274 519 375 apontilice
552 299 629 357 non
657 273 757 377 polle
781 275 958 356 concedi:
1002 298 1097 379 quo·

53 447 81 488 „
110 392 207 467 niam
231 411 307 466 non
333 388 457 466 liceret
474 388 546 476 illi,
572 389 822 491 praeiudicium
839 389 956 468 lacere
976 391 1098 465 omni·
1130 394 1140 406 ’

55 559 82 602 „
110 505 179 582 but
202 500 404 601 episcopis,
433 501 565 602 quibus
581 499 860 580 aBallleenfibus
881 498 921 578 fit
945 502 1093 593 iniuria3

56 672 84 712 „
110 638 194 692 cum
244 612 423 690 inferior-is
462 614 603 690 ordinis
639 616 703 690 viri
734 637 842 691 voces
875 611 1028 690 habeant
1060 617 1097 691 in

55 784 82 823 ,‚
107 723 289 813 concilio,
310 723 415 824 quod
434 723 555 803 solum
581 723 626 802 ad
644 724 836 828 episcopos
859 723 998 826 lpeiiat.
1037 722 1099 802 Al-

56 854 233 935 „terum
270 859 357 913 vero
395 839 576 937 principes
621 860 809 940 nunquam
840 833 1096 925 concessuros.

57 1007 83 1048 „
115 951 243 1051 utqui
280 945 370 1025 nihil
408 951 525 1048 magis
557 949 733 1049 cupiant,
779 972 887 1049 quam
926 949 1097 1027 aiudicio

58 1119 84 1159 „
114 1079 241 1140 contra
283 1057 493 1162 pontificem
529 1061 708 1138 abstineri
778 1058 947 1141 Tandem
989 1063 1097 1142 rebus

58 1229 85 1273 ,
113 1172 250 1254 inlellis
272 1171 381 1274 legati
401 1172 557 1261 domum
576 1169 705 1253 reverli
733 1171 825 1253 lunt.
841 1227 866 1268 ‚,

144 1384 320 1463 Narratur
367 1383 536 1485 deinceps
576 1381 614 1479 a)
643 1408 792 1486 magnas
835 1387 1100 1486 acerrimusque

60 1499 156 1577 inter
185 1495 392 1577 Bafileenses
435 1501 694 1574 contentiones
726 1498 817 1575 atlas
845 1495 973 1584 fuille,
1017 1504 1099 1574 cim

60 1609 139 1688 illus
163 1612 234 1686 otio
261 1613 433 1685 veritates
465 1608 625 1706 legitimo
653 1607 789 1686 decreto
808 1607 1005 1707 approbare
1023 1606 1098 1686 vel·

60 1719 153 1808 lent,
173 1724 298 1819 legatis
311 1722 476 1797 omnium
496 1721 703 1819 principum
716 1733 838 1818 aperte
848 1721 1101 1797 contradicen-

61 1836 187 1921 tibus,
225 1852 331 1931 atque
346 1831 577 1906 vehementer
603 1825 766 1907 incenlrs.
840 1827 954 1908 Erant·
970 1853 1015 1907 ex
1043 1829 1099 1908 his

59 1945 268 2024 oratoribus
290 1942 415 2061 plurep
428 1939 609 2043 episcopi,
631 1942 716 2042 qui,
739 1939 827 2021 dum
844 1940 945 2018 aliter
961 1939 1101 2041 perlua-

63 2057 151 2133 dere
176 2079 253 2132 non
285 2051 399 2156 pollet
431 2051 709 2131 Panormitanus
733 2050 882 2153 praelul,
912 2050 1102 2133 lecellione

60 2166 149 2248 fana
176 2169 268 2243 inter
294 2166 327 2244 se
350 2163 582 2243 conclusere:
622 2221 644 2258 „
669 2188 746 2243 non
773 2163 843 2244 elle
874 2165 1100 2245 concluden-

61 2336 87 2374 ‚‚
116 2279 227 2366 dum,
267 2295 303 2356 et
322 2275 510 2356 alserentes
542 2300 655 2355 omne
678 2280 733 2356 ius
751 2278 899 2356 concilii
918 2279 1016 2377 apud
1034 2300 1099 2356 eos

62 2449 86 2488 „
116 2389 210 2477 elle,
254 2394 429 2491 quoniam
461 2392 650 2467 inferiores
686 2414 763 2467 non
794 2391 968 2468 haberent
997 2405 1100 2491 pote·

62 2560 86 2599 „
116 2504 257 2589 statem,
274 2504 420 2581 ineundi
433 2500 598 2599 suffragia
619 2505 655 2610 in
668 2500 833 2579 conciliis
851 2501 1100 2604 generalibus.

63 2672 88 2711 „
115 2629 152 2692 et
181 2618 337 2690 maxime
362 2617 398 2690 in
419 2615 526 2690 rebus
552 2612 663 2699 fidei,
694 2629 815 2713 neque
837 2636 967 2690 vocem
991 2611 1101 2690 hana-

63 2784 87 2825 „
114 2751 153 2806 re
181 2725 244 2804 nilr
276 2724 513 2805 consultivam
546 2739 721 2801 tantumz
756 2737 864 2823 atque
889 2725 925 2801 in
957 2736 1101 2805 tautum

63 2895 89 2938 „
118 2836 272 2926 exarsit,
316 2851 357 2914 ut
380 2836 576 2915 colluviem
607 2834 704 2913 illam
733 2834 951 2936 capillarum
975 2837 1101 2915 conci·

63 3007 89 3048 „
118 2950 206 3028 lium
228 2948 459 3050 appellaverit
476 2972 485 3025 :
502 2944 821 3050 affirmaveritque,
842 2944 1019 3047 flagitium
1039 2945 1103 3027 fie-

64 3120 90 3158 ,‚
120 3065 150 3140 ri
173 3065 217 3139 ab
246 3059 458 3149 Arelatenfi,
504 3062 567 3163 qui
597 3083 681 3138 cum
709 3063 826 3141 tribus
852 3060 1030 3162 episcopis
1055 3061 1101 3138 ti·

65 3176 92 3273 3,
119 3173 431 3255 tulariburcontra
459 3196 588 3251 omnes
612 3173 759 3250 concilii
795 3173 961 3273 praelatos
992 3169 1102 3250 vellet

66 3344 92 3385 ,‚
121 3287 322 3379 statuere„.
379 3283 484 3364 Dum
516 3284 660 3362 tandem
700 3286 853 3364 instante
886 3280 1100 3374 Arelatenll.

67 3415 105 3476 et
133 3398 347 3498 quibusdem
384 3422 429 3474 ex
461 3397 561 3485 luis,
606 3396 840 3498 ferventeque
869 3397 1104 3474 multitudine

66 3524 140 3590 tres
161 3513 284 3611 primae
297 3507 548 3588 conclusiones
575 3510 612 3584 in
629 3508 786 3611 generali
813 3509 1104 3607 congregatione

70 3623 152 3701 lunt
178 3624 407 3722 approbata,
450 3644 531 3700 non
565 3621 836 3701 minotdeinde
876 3619 1103 3700 concertatio

536 3730 571 3815 C
605 3753 624 3833 ς
953 3731 1046 3824 fuit,

110 3855 293 3936 olon
