2506 4958
435 40 481 65 §a

230 206 383 303 regnum
403 197 534 295 Christi
548 204 589 279 in
603 203 724 283 terris.
743 224 772 282 c.
788 198 932 283 XLIII.
1049 222 1100 302 55

58 391 127 449 cue
153 369 322 447 omnium
353 366 578 465 religionum
607 367 787 445 licentiam
809 366 916 454 dent,
947 366 1102 466 potella·

60 494 134 559 tem
154 482 319 557 tribuunt
336 480 429 555 illam
450 502 620 566 omnem,
649 479 791 580 qualem
813 476 950 577 flagitat
968 479 1102 578 religio

61 616 290 694 quaecuuque
317 592 533 676 dominans,
564 590 906 693 quomodocunque
928 590 1103 668 determi·
1186 610 1209 662 s

61 722 150 782 uerat
168 707 221 781 ius
252 707 287 779 in
311 703 424 791 sacta,
464 702 525 780 seu
550 708 643 781 circa
672 702 793 790 sacta,
836 703 940 804 quod
969 705 1010 780 iis
1036 727 1100 779 ne·

59 835 168 916 gant,
199 819 260 915 qui
283 815 388 902 illud,
408 838 453 890 ex
475 838 540 892 ote
560 816 684 892 divino
705 818 743 892 in
763 816 953 914 evangelio
972 837 1101 916 aecem

60 945 158 1015 tum,
189 928 303 1005 tribus
328 930 478 1024 integris
492 930 617 1027 primis
640 927 786 1014 seculis,
828 942 1020 1027 antequam
1043 927 1105 1023 ula

60 1041 116 1116 lus
149 1043 317 1138 princeps
346 1038 491 1117 Christo
523 1063 658 1133 nomen
690 1039 810 1127 daret,
855 1056 891 1117 et
927 1039 1098 1139 deincepq

61 1151 124 1229 sub
147 1152 343 1229 christianis
372 1140 595 1251 principibm
616 1150 785 1252 usquead
810 1149 1100 1229 sua-Protestan·

60 1267 153 1341 tium
174 1279 337 1363 tempora
358 1265 394 1337 in
415 1260 626 1363 pollelfione
650 1277 814 1341 tenentes
835 1277 1096 1353 exercuerunt.

61 1390 98 1452 et
117 1390 243 1451 contra
274 1375 484 1473 refragatius
517 1375 757 1477 quoscunque
776 1377 1028 1462 vindicarunt,
1062 1377 1100 1453 iu

60 1487 282 1564 christianam
327 1487 541 1585 religionem
575 1511 617 1565 ac
645 1487 752 1564 iidem
780 1487 996 1567 catholicam
1027 1489 1102 1564 tiu·

61 1605 229 1696 gentibus
250 1599 351 1674 inleri
379 1602 517 1698 portis,
548 1599 785 1677 frementibus
808 1600 979 1676 omnibus
1001 1599 1101 1678 lecu·
1161 1657 1167 1691 r

61 1710 86 1785 li
117 1711 348 1809 potestatibus
380 1711 443 1787 sub
478 1710 595 1789 Roma
627 1710 854 1788 debellatrice
883 1709 939 1786 illa
965 1706 1100 1789 laudo·

62 1846 166 1907 rum,
211 1838 320 1922 atque
347 1827 483 1907 etiam,
527 1838 568 1897 ut
595 1822 778 1906 vidimus,
822 1844 867 1898 cx
902 1835 1002 1920 parte
1034 1821 1100 1898 sub

60 1933 257 2009 christianis
281 1937 391 2032 impp.
412 1932 530 2008 donec
552 1931 622 2009 fata
647 1931 704 2008 illa
736 1930 841 2008 subiit
860 1928 997 2018 Roma,
1020 1952 1103 2034 quae

62 2043 98 2121 S.
120 2044 270 2120 loannes
293 2047 330 2119 in
355 2041 565 2144 Apocalypfi
585 2042 641 2121 lua
663 2043 780 2134 divina
809 2040 1011 2143 descripfit,
1042 2067 1102 2120 ca·

61 2156 138 2255 pite
166 2153 258 2235 XX.
310 2168 427 2234 autem
461 2178 615 2255 reguum
647 2153 737 2234 illud
772 2153 904 2235 Christi
929 2158 967 2232 in
994 2156 1100 2234 teuit

63 2267 247 2344 militantis
276 2264 445 2346 Eccleliae.

147 2428 261 2508 Cuius
288 2432 391 2528 tegni
419 2427 644 2529 auspicium,
690 2443 731 2508 ut
760 2429 862 2531 supra
886 2428 1100 2522 retulimus,

63 2565 149 2618 cum
179 2537 366 2620 Bolluetus
392 2544 427 2616 in
453 2560 559 2641 caput
582 2540 678 2620 XX.
696 2543 809 2642 Apoc.
830 2544 874 2618 ab
901 2543 980 2642 ipfis
1007 2567 1100 2643 apo.

64 2654 162 2730 stolis
178 2650 388 2737 lecillet‚'et
406 2655 484 2750 post
510 2653 604 2728 mille
622 2676 736 2728 annos
758 2657 952 2731 terminum
971 2680 1101 2755 quern
1215 2660 1218 2667 '

65 2767 147 2840 dam
170 2765 233 2839 sec.
259 2761 329 2839 Xl.
356 2760 538 2849 llatuillet,
569 2768 680 2862 (quo
706 2786 751 2840 ex
768 2779 953 2864 tempore,
986 2782 1026 2843 ut
1046 2767 1102 2844 su·

65 2901 129 2977 pta
154 2875 325 2960 vidimus,
346 2874 575 2950 fundamenta
593 2874 795 2952 hierarchiae
811 2900 829 2950 a
844 2876 987 2954 Christo
1003 2879 1104 2953 insti-

66 3003 143 3065 tuta
160 2990 194 3062 in
212 2986 278 3064 luis
292 2986 463 3085 apostolis
475 2989 622 3063 concuti
636 2990 679 3062 ab
694 2986 865 3064 haereticis
883 2989 1101 3086 coeperunt)

67 3100 166 3176 addit
190 3115 331 3184 tamen,
364 3098 451 3174 nihil
472 3100 667 3198 impedite,
685 3101 881 3199 quominus
900 3100 957 3176 alii
970 3099 1101 3178 limilee

67 3214 285 3297 statuantur,
315 3214 377 3310 qui
392 3211 436 3287 ad
462 3212 664 3290 ultimarum
684 3226 902 3310 praepatent,
932 3211 1102 3288 conium-

70 3326 238 3399 mationis
263 3321 368 3401 seculi
392 3326 572 3399 nimitum.
632 3319 903 3421 „L'apollas1e‚
934 3323 1103 3419 (subdit)

68 3490 91 3527 „
120 3435 165 3510 de
190 3432 328 3512 Luthet
347 3439 436 3511 ticnt
454 3437 644 3533 beaucoup
664 3433 709 3510 de
727 3459 768 3509 ce
785 3434 976 3522 caraue're,
996 3459 1102 3513 com.

67 3602 91 3639 „
124 3569 181 3620 me
213 3568 305 3629 nous
330 3546 465 3622 l’avons
490 3543 696 3622 dentonlltd
726 3545 912 3639 ailleurs„.
975 3546 1099 3640 Quam

71 3661 108 3733 in
137 3679 233 3740 tem,
278 3660 358 3748 „ab
384 3682 481 3736 anno
509 3680 600 3750 4¹0·
625 3662 691 3751 (ut
715 3660 750 3733 iu
774 3681 852 3758 cap.
871 3656 964 3736 XX.
985 3663 1099 3760 llpoc.

74 3826 97 3862 „
127 3785 393 3846 commentatur
417 3766 629 3859 Calmelus)
657 3793 736 3870 quo
762 3768 877 3847 Roma
895 3773 939 3847 ab
962 3770 1102 3860 Alarico

71 3934 95 3976 ,‚
123 3881 191 3959 luit
208 3899 329 3983 capta,
360 3897 395 3958 et
416 3905 510 3984 quo,
537 3903 576 3961 ut
596 3884 643 3961 ita
658 3883 796 3972 dicam.
826 3886 959 3962 interiit
981 3884 1104 3985 lupctu

513 3993 606 4087 D4
951 4052 976 4090 ,
1004 3998 1048 4074 br
