2512 4620
204 232 355 307 regnum
375 206 504 300 torota·
522 213 562 289 in
580 215 700 290 terris.
723 235 750 291 e.
774 208 956 291 XXXVI.
979 206 982 213 ’
1016 229 1093 305 3¹7
1173 160 1178 181 Ι»

63 375 110 453 de
141 372 198 449 his
235 366 473 449 decretalibus
502 366 606 468 ¹(furit
627 368 738 472 igitur
763 389 803 452 et
829 373 901 450 illic
920 374 1098 474 gentium

63 487 110 564 de
128 483 272 560 illarum
306 484 374 560 lide
397 485 482 560 faila
509 484 737 586 disquifitio)
766 487 931 587 pontifex
957 508 1099 561 earum·

65 590 149 676 dem
179 595 315 672 nullam
346 600 521 673 rationem
551 597 705 686 habens,
737 599 940 695 respondit.
979 595 1097 673 sedem

65 695 303 810 apostolicam
332 702 521 784 admittere
545 709 687 806 regulas
714 705 900 807 presulum
923 707 1099 785 Romano·
1127 722 1128 733 ¹

64 844 150 898 rum
181 813 362 906 Siloellri,
393 819 546 905 Siricii,
576 811 793 906 innocentii,
822 819 987 907 Zoaimi,
1026 820 1100 894 Coe-

66 931 97 1011 le
125 935 200 1018 ini.
229 928 377 1017 Leonis,
411 927 558 1021 Geloii,
590 930 749 1019 Hilarii,
766 930 981 1026 Symmachi,
998 928 1098 1007 Hor»

66 1042 204 1140 misdae,
234 1040 427 1139 Simplicii.
457 1054 492 1118 et
525 1040 694 1139 Gregorii
720 1030 893 1130 iunioris,
940 1045 1001 1140 qai
1025 1065 1100 1119 om·

66 1160 153 1232 nino
186 1153 300 1253 sunt.
348 1164 384 1230 et
414 1168 496 1263 per·
515 1178 598 1250 quot
640 1156 798 1233 iudicant
836 1153 1015 1254 episcopi,
1068 1164 1103 1231 et

63 1285 240 1366 perorsos
264 1264 410 1363 episcopi
433 1263 543 1360 ,simul
567 1267 781 1346 iudicantur.
839 1267 891 1345 llt
922 1266 1014 1344 adeo
1048 1268 1104 1342 in·

69 1382 160 1457 iuria
199 1379 293 1455 dicat
338 1377 522 1478 Dupinius
564 1374 602 1467 o)
633 1379 839 1458 lsrdoriooas
876 1378 949 1457 illas
986 1379 1102 1457 statim
1134 1371 1140 1379 ’

71 1489 235 1590 epistolas
271 1489 432 1566 sunrmos
450 1538 458 1555 ·
476 1489 664 1590 pontifices
685 1547 696 1579 .
745 1495 781 1569 in
807 1514 980 1592 -quorum
1022 1513 1105 1589 gra-

70 1608 158 1681 tiam
182 1599 341 1678 confidae
362 1600 520 1686 luerint.
558 1603 660 1680 avide
679 1601 882 1704 arripuillc,
911 1619 949 1680 et
970 1603 1105 1703 ubique
1215 1572 1247 1606 '³

71 1712 308 1814 promulgare
331 1732 484 1789 conatos
505 1710 582 1791 etse.
640 1714 784 1800 Potius,
806 1730 846 1791 ut
865 1714 1025 1814 pluribus
1043 1714 1106 1790 de·

74 1825 252 1904 monstrat
279 1820 352 1902 Pet.
383 1822 593 1902 Ballerinius
620 1828 657 1902 in
683 1825 923 1902 dissertatione
948 1822 1103 1923 fingula·

73 1933 106 2015 ri
136 1935 265 2013 dehac
287 1960 351 2021 re,
396 1936 522 2012 inserta
552 1943 642 2035 parti
676 1939 787 2013 tertio
828 1936 1017 2024 tradatur,
1062 1935 1105 2010 de

73 2048 232 2145 antiquis
251 2044 500 2124 collectionibus
520 2059 555 2123 et
572 2045 803 2124 solodoridrts
824 2069 1020 2135 cononum,
1058 2069 1104 2122 eo

73 2157 296 2263 potissimum
332 2159 507 2258 spectabat
553 2160 716 2259 pradisla
755 2158 986 2237 decretalium
1028 2157 1107 2234 col⁴

74 2273 213 2359 lectio,
244 2287 283 2348 ut
304 2271 506 2371 episcopis.
538 2275 599 2372 qui
622 2272 890 2357 accusabantur,
922 2270 1105 2370 prospice·

77 2402 145 2461 ret.
204 2381 286 2475 „ld
309 2383 483 2483 quidem,
514 2387 666 2484 (inquit
691 2386 737 2461 dc
763 2383 908 2462 illorum
932 2381 1107 2483 compila-

74 2553 99 2589 „
131 2513 211 2570 tore
234 2488 462 2579 Ballerioius,
492 2491 531 2582 d)
560 2499 594 2570 io
624 2497 871 2596 apocryphis,
908 2518 988 2594 quoe
1013 2518 1106 2570 coo·

75 2663 100 2702 ,‚
130 2606 247 2690 flavit,
277 2605 508 2682 documentis
541 2607 657 2683 multo
682 2608 808 2684 clarius
849 2607 966 2682 elucet
988 2656 1021 2696 „.
1061 2602 1108 2682 Et

77 2720 270 2820 postquam
301 2718 483 2816 quaedam,
515 2741 594 2816 quaa
622 2717 694 2816 ipse
722 2716 944 2817 compilator
971 2716 1106 2792 dehoc

77 2831 148 2905 l'oo
174 2828 282 2927 scopo
311 2831 346 2904 in
369 2829 578 2927 prelatione
611 2829 720 2917 dicit,
750 2825 942 2912 attulisset.
979 2823 1108 2918 „Ean-

76 2997 102 3036 ,‚
135 2940 217 3014 dem
242 2941 340 3015 enim
359 2937 538 3039 (pergit)
582 2940 718 3040 lenrpet
749 2940 793 3017 de
834 2937 1001 3016 accusatis
1034 2939 1110 3035 epi·

77 3107 102 3146 „
133 3051 247 3150 scopis
278 3074 399 3127 curam
419 3076 460 3128 ae
490 3052 761 3130 sollicitudinem
784 3050 980 3152 praelefert3
1005 3069 1109 3125 cum·
1136 3147 1138 3153 Ι

77 3219 104 3259 „
135 3187 204 3264 que
226 3161 430 3263 apostolicae
455 3164 543 3241 ledis
566 3165 811 3243 autloritatem
840 3162 1032 3264 predicat,
1063 3182 1109 3238 eo

77 3352 115 3423 a)
138 3350 181 3410 De
199 3346 315 3428 antiqua
336 3342 466 3412 Ecclesia
489 3347 635 3428 disciplina
651 3345 756 3413 dissert.
775 3342 811 3412 ll.
829 3368 857 3427 p.
877 3365 942 3426 154
969 3351 1025 3410 dcc.

79 3451 222 3593 la)dldem
244 3452 273 3511 in
296 3451 436 3512 vindiciis
450 3453 627 3550 auctoritatis
643 3451 798 3548 pontificiae
818 3464 920 3533 contra
938 3449 1112 3513 Febrooium

124 3535 302 3695 missi
323 3553 361 3677 Si
378 3534 1111 3695 ‘rpisis⁰50tesi}lstslsls‘ssss}

124 3698 226 3761 fictas:
250 3711 418 3776 nequem,
441 3717 504 3777 qorc
527 3712 579 3776 pto
603 3701 707 3762 eadem
728 3701 868 3777 potestate
888 3701 919 3762 iu
938 3699 1040 3761 iisdem
1062 3699 1113 3761 de·

125 3864 197 3942 quid
223 3883 259 3926 cx
281 3864 429 3940 praesumta
445 3861 558 3927 illarum
580 3869 749 3928 auctoritate
770 3866 883 3930 facilius
899 3879 1113 3946 propagatum,

124 3948 234 4025 uiaque
256 3960 428 4027 receptum,
444 3949 489 4014 ius
511 3946 612 4013 salsum
635 3947 818 4015 constituisse.

477 4096 502 4198 Ι
679 4086 690 4093 -
870 4091 893 4136 s>
923 4033 1061 4140 semper
