2506 4958
223 187 372 320 regnunt
391 219 519 312 curuli
531 224 569 297 in
584 223 701 299 terris.
719 243 747 300 c.
762 217 909 299 XXIX.
1005 235 1083 319 αις
1105 190 1109 198 ’

51 447 78 484 ‚‚
108 412 147 468 ca
172 386 308 473 ueluti,
351 409 431 486 quae
458 383 571 485 pulset
587 384 760 481 colligere
778 386 815 459 in
837 390 1085 466 monumentis
1180 436 1185 445 ·

54 559 79 596 „
111 500 359 586 historiarum,
399 514 438 574 ut
472 498 556 573 hinc
593 495 880 594 intelligeretur,
922 498 1089 598 pluresne

56 671 80 708 „
104 638 123 689 a
140 611 332 688 christianis
351 610 573 707 temporibus
590 608 800 687 huiusmodi
819 609 936 685 clades
953 612 1088 688 evenis·

57 783 81 820 „
112 724 186 801 sent
200 779 232 815 „.
274 721 321 797 At
339 721 456 797 multo
476 721 687 818 ampliorem
704 743 872 818 campum
889 719 950 795 fibi
970 727 1088 823 vigin.
1134 724 1139 733 ’

59 842 87 914 ti
108 836 255 913 duobus
276 833 374 908 libris
395 833 602 909 decivitate
631 829 700 907 Ilei
718 831 751 910 S.
767 832 987 929 Augustinus
1005 860 1088 937 ape.
1219 834 1222 839 ’

61 953 192 1032 ricus.
243 944 435 1022 exordium
468 964 587 1020 tamen
617 967 659 1020 ac
684 943 796 1020 'veluti
826 963 1085 1042 argumentum
1206 980 1212 997 ·

59 1060 181 1160 operis
208 1057 340 1133 eodem
368 1078 491 1141 anno,
522 1078 598 1156 quo
615 1055 773 1133 Alaricus
797 1053 952 1134 Romam
974 1058 1089 1160 depo-

61 1171 203 1272 pulatus
224 1168 299 1253 est,
329 1170 465 1266 coepti,
502 1165 586 1244 hinc
612 1166 739 1253 sumit,
786 1167 1087 1272 occasionemque

60 1279 274 1360 defensionis
311 1277 409 1365 suae.
464 1292 504 1355 ut
535 1301 581 1354 ex
612 1274 682 1378 ipsa
715 1279 948 1409 inscriptione
971 1282 1087 1364 statim
1190 1268 1236 1337 ἴ

60 1418 137 1495 cap.
162 1415 193 1468 1.
218 1391 332 1519 palam
359 1389 398 1465 fit
429 1389 470 1466 de
497 1366 713 1497 udoerfisrils
748 1394 900 1469 nominis
927 1392 1084 1485 Christi.
1206 1386 1213 1413 ''

61 1502 227 1602 quibus
213 1527 251 1578 tn
281 1499 472 1589 vodolione
489 1499 587 1579 urbis
620 1513 768 1600 propter
803 1501 977 1593 Christum
1005 1504 1089 1584 hur·
1209 1526 1236 1567 ‘-

61 1616 145 1697 duri
165 1625 402 1712 pepercerunt.
462 1614 687 1691 Adversarius
709 1614 767 1691 hic
793 1613 979 1694 Romanos
999 1642 1090 1717 geu-

61 1731 141 1807 tiles
165 1727 353 1824 intelligit,
384 1726 514 1825 quibus
538 1725 617 1824 ipsis
644 1725 798 1804 Alaricus
818 1731 965 1828 eiusque
988 1753 1091 1807 exer-

63 1843 157 1920 citus
176 1839 471 1938 confugientibus
494 1838 537 1914 ad
561 1837 641 1913 loca
658 1837 747 1915 sacra
773 1842 932 1937 pepercit
951 1865 964 1933 3
993 1843 1089 1932 „An

64 2009 89 2046 ‚,
119 1975 216 2038 non,
249 1953 359 2045 (sunt
379 1945 417 2034 ιι)
451 1950 554 2024 uerba
590 1948 623 2026 S.
647 1945 873 2046 Augustini)
906 1953 1011 2027 etiam
1040 1954 1091 2031 illi

64 2120 89 2158 „
118 2062 286 2141 Romano
313 2060 444 2138 Christi
477 2062 616 2136 nomini
646 2059 760 2136 infesti
795 2056 904 2146 sunt,
959 2065 1092 2162 quibus

63 2233 88 2270 „
117 2188 265 2276 propter
284 2171 466 2251 Christum
484 2173 621 2248 barbari
645 2171 915 2270 pepercerunt?
942 2168 1092 2254 Testan·
1160 2206 1163 2211 ·

65 2343 88 2381 „
119 2301 177 2363 tur
192 2286 264 2361 hoc
284 2302 481 2384 martyrum
504 2282 582 2360 loca
600 2298 635 2358 et
649 2282 794 2362 basilica
810 2281 1089 2383 Apostolorum.

65 2456 88 2492 „
116 2422 195 2498 quae
218 2401 253 2472 in
276 2396 330 2472 illa
361 2397 552 2471 vastatione
579 2396 676 2472 urbis
708 2395 751 2472 ad
777 2395 1092 2497 seconsugientes

66 2567 89 2603 ‚‚
121 2511 219 2592 suos,
235 2509 442 2607 alienosque
458 2521 679 2607 receperunt.
737 2505 822 2587 Huc
839 2511 950 2610 usque
964 2534 1092 2588 cruen-

66 2677 89 2716 „
122 2639 176 2698 tus
206 2620 363 2695 saeviebat
397 2621 594 2709 inimicus3
637 2621 685 2694 ibi
718 2621 913 2718 accipiebat
941 2623 1092 2701 limitem
1222 2710 1224 2715 ,

68 2790 90 2827 „
121 2733 344 2808 trucidatoris
368 2729 489 2821 furor3
521 2729 583 2805 illo
607 2729 828 2807 ducebantur
863 2733 1094 2811 amiseranti-

69 2902 91 2938 ‚,
123 2846 188 2920 bus
205 2843 391 2927 hostibus,
435 2841 564 2940 quibus
584 2843 690 2916 etiam
713 2858 812 2917 extra
836 2842 905 2941 ipsa
931 2845 1010 2920 loca
1031 2870 1094 2946 pe.

65 3012 89 3050 „
121 2972 325 3055 percerant,
366 2977 410 3028 ue
432 2956 552 3030 ineos
577 2953 826 3049 incurrerent,
857 2957 919 3053 qui
944 2953 1093 3036 similem

67 3125 90 3161 ‚,
118 3065 391 3143 misericordiam
424 3087 498 3139 non
528 3060 753 3157 habebant„
790 3061 909 3143 Huius
927 3065 1096 3165 ipsrusrei

70 3184 199 3256 iterum
226 3180 389 3252 meminit
399 3173 438 3263 h)
452 3177 511 3252 ubi
528 3193 783 3273 argumentum
799 3178 899 3253 suum
922 3203 967 3255 ex
982 3182 1097 3280 strage

70 3287 252 3390 Radagaist
279 3287 490 3366 Gothorum
510 3291 603 3386 regis
620 3289 765 3385 gentilis
784 3305 911 3387 urget,
944 3316 1019 3367 uno
1038 3294 1096 3370 die

71 3425 155 3479 cum
182 3404 340 3477 exercitu
361 3401 477 3475 divina
500 3421 584 3496 erga
614 3398 693 3475 suos
716 3400 887 3502 suamque
907 3400 1095 3484 Ecclesiam

70 3516 107 3590 in
136 3513 214 3590 sede
238 3508 338 3588 Petri
356 3512 586 3611 providentia
615 3512 864 3610 prostrati:,
864 3513 984 3604 ,Nam
1015 3520 1098 3610 (in-

68 3622 264 3726 „quit)st
285 3623 341 3699 ille
356 3639 426 3699 tam
448 3625 579 3721 impius
600 3646 683 3699 cum
702 3626 809 3700 tantis
829 3640 864 3701 et
887 3644 959 3702 tam
980 3631 1098 3730 impiis

71 3740 238 3834 „copiis
264 3733 419 3812 Routam
446 3731 563 3812 fuisset
585 3731 794 3832 ingressus,
840 3740 898 3812 cui
924 3743 1097 3852 pepercis-

66 3847 206 3942 „sets
245 3846 391 3941 Quibus
424 3845 646 3927 honorem
636 3868 673 3923 ιιι
694 3845 787 3925 locis
811 3864 1010 3948 martyrum
1038 3854 1099 3931 de·
1230 3876 1236 3893 “

840 3958 1044 4052 „tulissem

115 4060 206 4138 ιι.)Τ
234 4059 297 4128 llll.
321 4081 352 4143 p
380 4078 408 4142 3
474 4057 963 4143 u)tulib.v.er3.p140.
1024 4080 1032 4095 ‘
