2512 4620
215 226 365 304 regrum
387 199 515 291 curru·
531 204 570 279 u
589 154 744 281 unere.
768 198 991 282 xxxmo.
1055 218 1140 299 ³45x
1185 151 1218 185 ²

101 428 126 467 „
155 367 412 467 septenarium,
444 368 679 466 requiemque
706 366 925 450 animarum,
956 389 1036 468 quae
1068 369 1135 442 mi·

100 540 125 578 ,‚
155 482 278 558 serium
310 480 488 580 praesentis
517 482 595 555 vitae
620 470 866 577 subsequitum
897 475 983 556 Deo
1009 478 1135 557 duoru-

104 652 129 690 „
159 617 198 670 re
234 615 469 692 properemus
491 644 526 682 ‚,.
595 586 729 665 lterum
774 586 834 666 hic
859 589 902 665 ad
941 589 1133 669 Danielem

101 703 320 808 prophetem
346 703 512 790 olludit,
576 699 654 778 usus
694 698 933 800 chronologia
970 719 1132 782 veterum

101 817 304 895 {anulorum
332 813 478 892 Petrum
515 815 613 890 iuxta
648 808 771 891 LXX
805 815 904 890 iuxta
931 837 1037 914 quom
1062 817 1132 892 ianr

103 930 167 1006 sex
189 928 295 1003 millia
328 949 506 1002 annorum
538 923 665 1000 mundr
696 925 876 1024 completa
896 942 1018 1013 erant,
1048 951 1132 1006 curu
1165 1000 1169 1011 ,

104 1045 228 1142 primo
253 1037 415 1114 milliario
437 1036 577 1115 Christi.
611 1036 648 1111 1η
683 1037 749 1112 isto
768 1036 920 1114 versatus
943 1061 1135 1136 argumen-

106 1167 150 1229 to
179 1148 366 1228 Boffuetus
391 1149 435 1224 ed
464 1171 539 1247 cap.
566 1145 660 1225 XX.
693 1147 921 1249 Apocalypsrs
949 1147 988 1239 u>
1020 1153 1135 1227 brevi-

105 1277 163 1339 ter
185 1267 301 1359 tangit
321 1285 388 1346 ea,
436 1284 515 1360 quae
535 1257 630 1338 Orto
650 1257 677 1337 F
680 1257 796 1356 nsrng.
825 1283 897 1358 prae
926 1260 1041 1339 oculis
1073 1261 1135 1339 ha·

106 1376 191 1459 bet,
227 1370 386 1450 Ecclesrae
414 1373 477 1449 sub
494 1370 654 1448 Henrico
673 1369 735 1447 lV.
763 1371 850 1460 fata,
885 1375 1014 1473 quibus
1042 1375 1134 1452 arbi·
1227 1380 1231 1387 '

106 1488 181 1562 trio
213 1484 388 1584 sigeberti
415 1480 679 1561 Gemblecenfis
714 1483 807 1561 nulla
844 1509 1001 1584 unquam
1033 1486 1134 1564 fune-

106 1597 212 1673 stiore
241 1597 412 1681 fuerunt,
445 1597 648 1694 maioraque
684 1619 756 1691 pree
778 1600 948 1673 omnibus
974 1595 1135 1677 schisma-

105 1711 203 1785 tibus
231 1706 429 1784 intuleruut
460 1705 616 1783 Ecclefiae
647 1706 745 1781 mala.
806 1705 896 1806 Legi
917 1712 1009 1785 inter
1044 1709 1134 1786 alius

108 1819 155 1895 de
192 1817 257 1896 hac
284 1842 321 1895 re
362 1819 479 1916 potest
517 1818 614 1914 apud
651 1814 845 1894 Eccardunr
884 1842 986 1917 corp.
1017 1821 1131 1919 script.

108 1929 218 2006 medii
237 1933 321 2014 aevi,
344 1931 474 2006 chron.
498 1929 531 2006 S.
548 1927 770 2005 Pantaleonis
787 1930 858 2004 vol.
878 1928 903 2006 Ι.
921 1953 957 2028 ρ.
981 1953 1072 2019 909.
1099 1954 1135 2007 er

109 2042 284 2120 Annaliun
308 2041 402 2118 Saxo
430 2043 474 2116 ib.
496 2065 531 2138 p.
554 2052 640 2129 576.
669 2041 763 2136 apud
782 2038 948 2142 Bouquet
970 2039 1009 2130 b)
1028 2043 1135 2120 chro-

108 2156 178 2230 nio
205 2151 508 2237 Woh.G0de1n,
537 2170 571 2227 et
591 2153 660 2227 vita
683 2151 856 2230 Abbonis.
887 2152 1007 2231 Passiur
1028 2158 1133 2230 eriam

108 2267 145 2342 in
173 2264 302 2341 chartis
333 2263 502 2360 leguntur
537 2263 611 2339 haec
650 2265 780 2341 verba:
838 2269 1137 2362 appropinquante

102 2377 233 2453 entmdi
254 2379 413 2450 termino.
451 2373 624 2452 Batonius
656 2379 698 2449 ed
727 2400 783 2451 an.
808 2400 920 2453 1001.
950 2380 1134 2466 obierunt,
1244 2467 1249 2487 ἱ

108 2504 199 2585 tunc
213 2490 385 2586 temporis
403 2488 592 2562 adventum
605 2489 805 2564 Antichristi
825 2492 1023 2575 imminere,
1037 2515 1137 2566 cour·

107 2603 266 2677 munirer
290 2600 464 2674 creditum
490 2597 607 2674 fuiffe:
644 2655 665 2689 ,‚
686 2599 838 2674 Fuerant
856 2604 915 2676 istu
938 2603 1081 2695 (stribit
1100 2628 1133 2678 n.

107 2768 132 2805 ‚,
168 2708 227 2794 1.)
256 2713 292 2785 in
312 2710 433 2787 Galliis
455 2709 698 2806 promulgata,
727 2732 768 2783 ac
786 2714 942 2807 priorum
970 2713 1138 2811 predice-

107 2879 132 2916 „
163 2836 195 2896 ta
216 2820 374 2907 Parifiis,
407 2825 547 2920 iamque
571 2820 712 2916 vulgata
735 2844 797 2917 per
821 2822 970 2907 orbem,
1003 2824 1136 2900 credita

111 2990 137 3026 „
168 2933 482 3030 acornpluribus,
511 2949 653 3029 accepta
681 2934 851 3007 nimirum
881 2931 1139 3031 ufimpliciori.

108 3102 134 3138 „
163 3045 227 3121 bus
245 3067 328 3120 curn
346 3046 499 3127 timore,
519 3041 771 3119 adodioribus
785 3067 871 3120 vero
891 3046 1136 3145 improbura‚,.

110 3152 241 3234 Oculis
268 3171 355 3232 tuuc
387 3153 662 3230 obversabantur
685 3154 975 3252 perturbatiffiora
997 3158 1058 3232 sec.
1084 3152 1138 3234 X.

108 3280 274 3364 tempora
306 3269 342 3341 in
370 3265 439 3366 ipsa
472 3290 550 3342 arce
571 3266 752 3342 militantis
780 3265 939 3346 Ecclesrae
961 3267 1040 3344 sede
1063 3263 1139 3344 Ro·

110 3401 243 3461 manu,
274 3401 353 3477 quae
385 3380 612 3453 exacerbatos
637 3378 779 3455 aliunde
809 3378 1001 3479 aliquando
1026 3381 1142 3456 sacro-

108 3491 321 3564 rumenam
350 3487 510 3588 praesules
535 3491 570 3561 in
608 3489 843 3566 transversum
879 3507 1058 3588 egerunt,
1100 3506 1140 3567 ut

110 3623 234 3674 rerunr
270 3623 333 3697 per
362 3602 487 3674 orbenr
519 3600 673 3675 inssuras.
734 3601 792 3677 Sic
812 3601 985 3679 Gallicani
1014 3602 1106 3700 praes
1124 3649 1141 3665 -

110 3710 227 3786 lesio
259 3709 358 3789 causa
379 3708 535 3795 Ecclesrae
563 3709 770 3788 Rhemensrs
792 3715 883 3788 inter
913 3713 1140 3816 Arnulphuur
1227 3712 1229 3720 '

584 3820 618 3898 Y
651 3843 668 3914 5
1051 3844 1087 3902 et

154 3971 396 4120 α)ΤΤ.χ111.ορρ.
413 3994 441 4054 p.
460 3992 527 4050 524.
574 3976 606 4054 b)
623 3974 745 4042 Recueil
757 3975 808 4040 des
821 3975 971 4043 historiens
981 3979 1017 4043 de
1035 3977 1143 4042 Frauce

207 4105 215 4122 .
268 4102 274 4118 .
301 4076 329 4134 p.
350 4074 417 4136 232.
447 4075 513 4138 332.
