2512 4620
233 230 385 330 regnam
403 208 534 311 ouini
545 218 585 313 ait
596 187 716 296 tertie.
736 217 765 296 d.
783 148 993 305 XXXVsi'
1050 222 1129 315 iat

86 381 201 462 finem
225 386 369 467 dtatet,
400 378 474 458 huc
492 379 649 458 velutad
664 378 793 457 sacram
813 380 1010 460 anchoram
1033 408 1127 464 cona

85 494 216 595 sugit,
247 508 287 570 ut
303 517 320 569 a
335 490 532 570 Larnbetto
552 494 638 593 imp.
658 494 720 590 pdr
735 482 920 573 Ioannem
933 491 1000 576 lx.
1031 520 1130 597 pons

85 606 222 711 tificeut
249 614 387 705 peteret
411 608 446 682 iti
482 602 621 704 synodo
638 600 895 681 Ravennatenfi
915 615 946 684 d.
972 629 1002 684 1.
1034 625 1070 686 et
1090 630 1124 704 5.

83 723 142 800 uti
171 716 437 817 Capituiatiurn
468 715 590 794 Caroli
610 732 651 792 ac
684 713 840 793 fitiorum
873 727 1127 823 nepotumque
1203 818 1214 826 ·

84 835 165 911 eius
178 829 373 907 audotitas
393 826 680 932 confirmaretur,
699 842 829 928 etqua
846 852 1032 930 perperam
1051 832 1125 912 adia
1224 861 1235 881 ·

85 930 220 1027 essent,
252 938 432 1039 legaliter,
464 939 591 1028 idest,
620 937 818 1020 seeundum
833 940 956 1021 eadem
972 942 1127 1046 Capitua

83 1057 172 1134 latia
199 1053 488 1131 emendaremus
501 1049 571 1131 &a

173 1256 343 1344 Attamen'
356 1258 502 1362 Regino
521 1250 628 1341 abbas
650 1244 887 1351 seruientia.
929 1248 1018 1343 duni
1035 1266 1122 1349 ittde

86 1374 212 1480 pulsus
233 1380 269 1484 ip
292 1378 510 1456 monasterio
530 1375 563 1453 S.
582 1374 777 1488 Maximini
803 1394 922 1477 prope
945 1374 1122 1459 Treviros

86 1495 240 1568 ineunte
262 1488 327 1567 see
354 1485 405 1568 X.
436 1485 523 1565 iussu
541 1485 724 1579 Rathbodi
747 1489 1004 1589 archiepiscopi
1024 1489 1123 1571 iibria

86 1603 234 1680 duobus
252 1601 297 1679 de
315 1598 551 1678 ecclesiasticis
571 1600 762 1701 diieiplinis
779 1614 816 1677 et
832 1601 1008 1699 reiigione
1028 1602 1126 1681 chria
1150 1676 1154 1687 ,

86 1715 198 1792 ssiana
220 1712 470 1791 collectionem
489 1726 696 1801 canonum,
714 1712 845 1814 quibus
870 1712 1011 1811 iegibus
1027 1719 1124 1814 regi..

86 1843 150 1904 tut
176 1822 327 1904 Ecclesia
353 1823 510 1903 militans
541 1844 696 1924 regnum
719 1822 851 1902 Christi
866 1824 903 1898 in
920 1826 1043 1912 tertis,
1072 1828 1124 1904 saa

86 1954 211 2026 ceret.
242 1937 323 2015 usus
343 1938 489 2040 quidem
508 1939 613 2013 etiam
631 1937 680 2013 est
694 1934 842 2012 subinde
858 1933 1124 2034 capitularibut

86 2073 220 2149 regum
253 2047 503 2137 Francorum,
531 2045 751 2148 potissimum
779 2060 898 2124 autern
919 2050 1123 2128 canonibus

86 2163 246 2261 antiquis
267 2155 510 2240 conciliorum
535 2174 576 2237 ae
595 2159 737 2238 fineeria
758 2154 1011 2238 Romanorum
1026 2180 1122 2262 pon-

88 2272 417 2363 tificumdecretis,
456 2276 564 2348 rarius
592 2269 935 2374 pseud-epigraphis
965 2266 1125 2354 decreta·

88 2387 182 2462 libus
209 2387 253 2462 ab
281 2384 418 2462 lfidoro
451 2385 619 2462 εοΙΙεᾶιιι
678 2386 774 2466 Corn
806 2385 891 2462 esset
927 2388 1123 2467 miseranda

89 2499 196 2574 facies
218 2481 305 2575 sedis
322 2497 529 2598 apostolica
545 2498 617 2575 hoc
638 2498 776 2584 seculo,
805 2498 906 2576 facile
926 2498 1011 2584 fuit,
1041 2500 1124 2577 sub.

91 2609 274 2706 tersugete
298 2613 372 2686 eius
392 2611 566 2688 iudicium
587 2614 623 2687 in
648 2610 756 2688 caafis
777 2610 968 2707 praesertim
987 2612 1127 2710 episto-

90 2735 253 2822 poruni,
284 2722 334 2798 ob
353 2744 457 2821 quas,
488 2722 532 2797 ad
553 2721 640 2799 iilud
665 2721 903 2807 deserendas,
941 2737 982 2797 ut
999 2728 1126 2820 proxi-

91 2837 160 2908 niis
180 2828 302 2910 seculis
327 2834 498 2920 vidimus,
542 2833 583 2910 sis
613 2852 712 2911 mota
749 2834 863 2909 fuerat
887 2832 1125 2912 decretalibus

90 2943 238 3022 Isidori:
266 2945 404 3047 fuitque
419 2941 565 3047 quidem
583 2969 638 3023 an.
656 2968 746 3039 94¹·
763 2944 798 3018 in
814 2944 954 3044 synodo
972 2944 1125 3023 Suessio·

91 3055 192 3133 nensr
221 3052 384 3158 deposito
410 3056 585 3136 Aithaldo
615 3060 840 3137 consecratur
873 3050 988 3155 Hugo
1020 3054 1128 3135 Heri-

92 3170 185 3244 berti
206 3172 351 3248 comitis
378 3170 495 3264 silius3
543 3187 579 3248 at
607 3174 738 3250 iterum
768 3192 823 3244 an·
853 3192 945 3263 947.
985 3170 1128 3247 Aithal-

91 3280 161 3356 dus
186 3281 332 3357 decreto
354 3282 482 3382 synodi
514 3278 757 3362 Verdunensis
786 3283 965 3359 restitutae
982 3274 1008 3375 ;'
1045 3280 1129 3360 Hu-

91 3412 193 3490 gone
224 3399 342 3468 tannen
370 3395 486 3471 sedent
519 3396 685 3472 invadere
704 3400 876 3480 nitente,
912 3398 1007 3470 inter
1033 3398 1126 3473 duos

92 3505 273 3601 litigantes
298 3509 333 3579 in
362 3507 499 3605 synodo
520 3504 694 3585 Meidensr
719 3533 775 3585 an.
798 3519 890 3595 9622
938 3506 1126 3607 episcopua

92 3616 310 3692 constitutus
332 3611 537 3697 Odair'icua.
599 3620 634 3697 Si
655 3619 771 3698 suisset
789 3634 876 3695 tunc
899 3622 934 3694 in
959 3617 1126 3699 Romana

93 3727 174 3804 sede
213 3732 339 3833 vigor,
379 3726 434 3806 vel
462 3732 531 3832 ipsa
561 3732 792 3832 decretalium
822 3726 947 3808 isidoti
974 3731 1125 3809 aridiori-

92 3853 164 3915 tate
180 3839 406 3919 vicissitudini
433 3844 484 3919 iiii
517 3848 553 3919 in
586 3841 777 3922 anement
804 3837 946 3921 ecclessa
968 3846 1126 3944 prospici

92 3950 194 4027 facile
219 3951 413 4052 potuisset3
444 3952 501 4034 sed
525 3955 622 4035 nulla
639 3969 727 4037 tuno
751 3978 872 4038 earum
898 3962 1036 4033 mentio
1059 3958 1128 4034 suit

94 4061 205 4143 Toni.
236 4054 264 4142 i.
577 4063 621 4148 X
926 4070 1072 4157 inieita3
