2512 4620
176 213 224 288 18
306 167 310 173 ’
384 260 385 264 a
521 193 663 293 Ecclesu
688 196 848 276 militans

35 458 36 462 Ν
171 360 303 443 miscue
346 385 429 437 vero
469 359 503 438 S.
526 359 768 462 Hieronymus
799 361 959 460 loquitur
999 357 1044 436 de
1076 356 1212 438 Chilio-

172 474 230 549 stis
257 475 295 548 irr
323 494 398 570 cap.
433 495 490 560 19.
528 472 711 559 ieremiae,
757 496 824 551 neo
865 475 1007 570 penitus
1042 471 1210 550 damnare

78 659 81 663 .
170 583 303 662 audet:
332 580 371 672 a)
389 581 640 687 Quamquam,
672 588 789 687 inquit
809 640 820 670 ,
849 582 910 668 tibi
940 581 1069 657 Iudair
1086 607 1208 658 aream

170 706 275 790 utque
306 707 523 789 gemmulam
551 695 739 789 Ierusalem
775 692 1018 781 restituendam
1051 705 1204 791 putent,

171 803 382 904 rursumque
401 808 563 884 utillimus
578 803 812 905 etsucrificin,
842 819 876 882 et
895 808 1058 904 coniugia
1071 805 1214 904 sortilo-

170 942 280 1005 rum,
311 929 345 992 et
365 941 514 1015 regnum
538 921 576 993 in
601 929 700 994 terro
723 918 872 993 Domini
893 916 1112 1002 Saloutaria,
1135 943 1209 1014 quae

170 1029 251 1107 licet
272 1053 342 1104 nou
358 1029 571 1128 sequamur,
602 1041 718 1106 tumen
737 1031 905 1105 duamure
925 1053 995 1103 nun
1010 1026 1207 1127 poffumus:

171 1144 256 1238 quia
298 1140 403 1216 multi
437 1138 731 1232 ecclefiullicorum
765 1145 930 1217 virorum
967 1151 1000 1215 et
1036 1153 1248 1241 martyres-

24 1251 37 1341 ]
170 1250 234 1341 illu
257 1253 426 1329 dixerunt
438 1277 451 1342 ,·
482 1254 539 1330 sed
561 1269 600 1330 ut
623 1255 774 1331 vidimus
801 1255 844 1330 ab
864 1255 933 1340 iis,
975 1275 1054 1354 quae
1078 1252 1209 1332 ludais-

171 1389 272 1443 muur
298 1364 437 1464 sapiunt
467 1367 644 1444 defecata.

227 1522 311 1602 Hoc
330 1524 351 1600 fl
372 1550 484 1624 porro
514 1525 571 1603 liat
595 1527 640 1603 de
669 1525 914 1612 Hierusalem,
946 1538 986 1602 ut
1009 1528 1120 1603 veteri
1142 1549 1208 1602 no-

170 1661 234 1723 va,
266 1662 397 1738 nempe
434 1637 585 1716 Ecclesia
613 1663 653 1716 ac
687 1663 840 1737 regnum
874 1637 1004 1717 Christi
1035 1643 1071 1714 in
1103 1643 1208 1715 terris

169 1746 425 1839 substituatur,
457 1766 565 1850 prout
592 1751 671 1850 post
702 1765 866 1848 tempora
896 1750 954 1825 illa
990 1748 1208 1850 persecutio·

172 1882 286 1949 num,
318 1865 353 1937 in
375 1864 503 1964 quibus
532 1879 702 1962 martyres
732 1863 778 1936 illi
800 1867 992 1947 vixerunt,
1025 1861 1208 1938 effloruit:

170 1975 256 2075 quid
288 1974 411 2062 aliud,
463 1972 526 2050 nili
559 1975 738 2052 militantis
771 1970 930 2050 Ecclefiae
961 1974 1206 2050 adumbratio-

169 2109 254 2162 nem
286 2085 484 2164 habemus?
525 2090 715 2186 quousque
744 2082 872 2163 scilicet
914 2083 1043 2182 ligatus
1072 2085 1120 2161 est
1159 2085 1177 2162 s
1191 2131 1208 2148 ·

170 2189 294 2284 tanas',
327 2199 488 2274 rotundo
517 2187 605 2287 illo}
649 2214 689 2274 ut
721 2220 848 2273 vocare
872 2196 1046 2282 solemus,
1091 2221 1207 2272 anuo-

131 2405 133 2409 *
170 2333 250 2385 rum
286 2309 382 2383 mil—le
406 2331 586 2394 numero,
638 2323 747 2407 prout
778 2307 946 2384 familiare
969 2308 1018 2385 est
1046 2311 1081 2382 in
1112 2309 1208 2384 Scri·
1245 2406 1247 2410 Ι

61 2480 65 2489 .
168 2420 283 2516 pturis
309 2419 529 2519 propheticis
554 2425 760 2519 praecipue,
792 2443 832 2497 ac
859 2423 1036 2520 imprimis
1066 2423 1206 2520 ripoca-

105 2521 112 2535 ’
168 2529 268 2630 lypfi.
328 2531 457 2631 Neque
484 2534 625 2632 praecile
655 2556 813 2632 unquam
845 2531 978 2630 aliquid
1009 2533 1208 2608 statuerunt

169 2637 289 2718 Patres
322 2642 371 2718 illi
407 2667 447 2719 ac
476 2660 644 2744 martyres
676 2643 850 2722 Chiliallae
874 2643 1024 2720 lustinus
1059 2658 1094 2718 et
1127 2642 1208 2718 ltu:-

169 2776 268 2830 naeos
293 2751 360 2829 srve
382 2755 425 2830 de
447 2753 518 2831 fine
542 2756 681 2855 periodi
706 2756 822 2855 illius,
851 2753 919 2830 five
947 2754 992 2830 de
1019 2754 1205 2845 exordio;

33 2860 37 2867 ’
171 2878 312 2943 tautum
358 2872 564 2943 communis
600 2867 656 2942 illa
695 2865 868 2966 persuafio
907 2866 951 2941 de
985 2865 1204 2942 Antichristo

169 3002 216 3056 ex
236 2976 409 3057 Romanis
442 2981 739 3078 imperatoribus,
771 2977 989 3054 desolatione
1021 2979 1204 3077 abomina-

170 3093 280 3166 tionis
316 3092 425 3167 stante
452 3094 486 3164 in
521 3089 605 3166 loco
638 3090 792 3174 saullo,
839 3091 1075 3190 proximaque
1104 3090 1206 3167 ruina

168 3198 296 3278 Romae
334 3200 561 3302 Romamque
602 3205 742 3298 imperii
776 3223 836 3275 eus
874 3198 1072 3276 necellitate
1111 3224 1204 3275 con-

169 3312 332 3400 strinxit,
364 3336 518 3411 regnum
549 3311 679 3391 Christi
711 3316 746 3388 in
776 3315 878 3388 terris
911 3312 1091 3412 posthaec
1118 3312 1204 3388 salia

168 3425 344 3500 statuere:
389 3423 488 3500 ficati
521 3447 639 3499 revera
671 3426 828 3521 contigit
856 3448 937 3507 res,
983 3423 1205 3522 fueruntque

55 3554 62 3562 ·
168 3556 213 3609 ex
235 3538 508 3634 imperatoribus
544 3534 748 3612 Antichrilli
781 3535 883 3610 multi
914 3532 1100 3612 Ecclesram
1132 3534 1204 3610 Dei

168 3647 417 3745 persequentes
435 3671 446 3738 3
467 3646 522 3722 sed
542 3671 644 3723 verus
663 3673 704 3725 ac
720 3673 811 3724 uuus
836 3647 892 3723 ille
912 3647 1025 3722 lrorno
1039 3650 1202 3745 peccati,

165 3756 205 3846 b)
236 3756 326 3836 filius
356 3758 568 3858 perditionis
599 3781 644 3836 ex
669 3762 743 3861 iplo
770 3757 844 3835 lors
877 3756 1036 3837 Ecclesiae
1061 3761 1205 3857 gremio
1243 3770 1248 3789 ·

293 3949 297 3957 ,
457 3939 461 3946 ,
1101 3870 1207 3947 reser-

205 4029 239 4105 a)
261 4024 297 4092 T.
321 4025 371 4090 111.
396 4046 423 4105 p.
450 4034 520 4093 620.
605 4015 642 4105 bi
660 4025 697 4093 ll.
721 4023 807 4095 Thes.
832 4027 868 4095 11.
902 4045 929 4110 ς.
