2506 4958
271 226 421 307 regnum
442 200 816 301 mauritataniae.
844 206 960 290 XLV.
1062 228 1143 309 ις’]

106 431 129 468 ,,
159 370 273 451 susum
295 373 518 473 approbare,
536 369 824 474 confirmareque
841 370 950 460 volo,
981 373 1040 453 sed
1056 397 1145 454 exe.

105 542 128 580 „
158 490 240 585 qui,
262 504 298 561 et
320 500 553 561 manutenere
569 487 707 561 omnia.
764 484 905 573 Nimis,
926 498 968 563 ut
987 486 1076 563 mihi
1095 490 1148 566 ui·

109 650 132 692 „
162 598 300 682 detur,
330 594 487 674 Romani
517 594 706 696 pontifices
735 592 892 672 fimbrias
917 597 993 676 suas
1016 613 1148 683 exten.-

108 763 131 803 „
161 710 311 795 derunt,
343 711 404 809 qui
430 708 520 783 nihil
545 708 795 785 iurisditiionis
815 712 949 786 caeteris
967 709 1148 812 episcopie

106 876 130 915 „
160 820 392 920 reliquerunt
450 819 569 897 Nimis
595 843 747 921 quoque
770 816 976 898 Basileensea
999 824 1146 920 aposto-

106 988 131 1028 „
160 933 236 1008 licae
255 932 342 1007 sedis
366 953 493 1009 manua
514 931 776 1009 abbreviarunt.
834 932 905 1010 Sed
929 935 974 1009 itu
999 939 1146 1016 evenit:

108 1101 132 1138 ‚‚
162 1048 224 1144 qui
242 1043 326 1120 facit
342 1043 511 1142 indigua,
532 1060 574 1121 ut
597 1044 722 1121 iniusta
740 1043 848 1130 ferat,
876 1057 1034 1144 oportet.
1079 1046 1148 1124 Ar·

108 1210 132 1252 ,‚
164 1159 316 1244 borem,
344 1178 423 1256 quae
443 1159 603 1233 inunum
621 1172 758 1255 partem
776 1157 967 1258 pependit,
997 1159 1063 1259 qui
1079 1183 1149 1237 vo·

109 1327 133 1364 ,‚
163 1269 243 1346 sunt
270 1271 428 1366 erigere,
460 1270 496 1345 in
516 1284 654 1368 partem
675 1267 853 1345 adversam
874 1268 1032 1348 trabunt.
1065 1270 1148 1349 No-

109 1430 135 1475 „
163 1384 215 1456 bis
237 1381 408 1459 sententia
436 1382 510 1467 ess,
550 1383 586 1457 in
614 1397 751 1483 partem
782 1379 1054 1470 sussicitudinis,
1083 1384 1150 1484 qui

110 1548 134 1587 ,‚
164 1497 279 1569 vocati
295 1493 398 1579 sunt,
428 1493 619 1595 episcopos
638 1491 701 1572 suo
722 1497 800 1571 iure
817 1496 967 1569 minime
984 1492 1146 1594 spoliare.

111 1658 135 1697 „
163 1604 222 1681 Sic
243 1606 523 1681 iurisdisiionem
546 1607 703 1682 nostram
725 1629 793 1682 noa
812 1607 969 1707 denique
991 1604 1152 1686 servatus

111 1744 135 1811 ·„
165 1740 225 1793 rus
247 1716 448 1815 speramus,
482 1715 602 1792 sinon
630 1718 917 1813 usurpaverimua
948 1717 1148 1812 alienarat„

113 1844 154 1905 ut
177 1829 310 1925 legitur
335 1827 431 1925 apud
455 1824 645 1902 Basuzium
668 1824 705 1913 o)
723 1831 757 1900 in
780 1827 953 1903 relatione
975 1828 1081 1906 huiua
1097 1830 1151 1906 le.

109 1941 271 2039 ¹gationis
285 1938 328 2013 ad
352 1938 570 2014 Fridericum
593 1936 653 2015 lsi.
669 1939 755 2035 imp.
777 1936 862 2014 satia
878 1938 921 2013 ab
944 1936 1054 2015 AEnea
1067 1940 1150 2040 Sys.

111 2055 198 2135 vio,
229 2052 330 2126 cuius
352 2050 471 2149 postea
495 2047 717 2148 potissimum
737 2062 846 2148 opera
865 2048 1027 2151 sequenti
1050 2074 1149 2129 anno

115 2160 349 2241 Concordata
396 2158 771 2259 Aschuffenburgensia
808 2164 903 2238 inter
946 2157 1152 2241 Romanam

114 2274 234 2351 sedem
248 2287 285 2349 et
298 2275 482 2349 nationem
499 2270 752 2351 Germanicam
768 2275 854 2349 inita
866 2274 946 2350 sunt
960 2296 1015 2350 an.
1034 2286 1151 2367 1448.

115 2385 247 2463 adiesia
268 2389 304 2461 ia
328 2384 397 2461 fine
414 2384 586 2463 csaususa:
616 2442 638 2478 ,‚
656 2383 697 2462 In
716 2385 790 2462 asiis
810 2398 955 2471 autem,
985 2408 1065 2485 quae
1085 2406 1171 2486 per-

117 2548 140 2590 „
168 2498 280 2574 sesicis
316 2498 576 2574 recordationis
608 2496 657 2575 D.
685 2495 891 2595 Eugenium
915 2495 949 2574 P.
980 2496 1045 2574 tv.
1082 2520 1153 2598 pro

117 2659 140 2701 ,‚
172 2613 319 2686 natione
348 2610 489 2707 profata
522 2610 701 2708 usquead
727 2624 871 2707 tempus
894 2606 1005 2684 futuri
1027 2614 1155 2687 conci·

116 2772 140 2813 „
171 2720 207 2793 lii
231 2720 407 2817 generalia
429 2718 612 2816 permissa,
655 2717 839 2805 concessa,
879 2719 1017 2797 indulta
1045 2736 1156 2821 atque

116 2882 141 2925 ,-‚
171 2832 336 2914 decreta,
368 2843 404 2905 et
421 2854 486 2928 per
509 2846 751 2906 memoratum
776 2831 967 2933 dominum
988 2833 1153 2911 nostrum

116 2994 140 3036 ,·,
168 2966 297 3042 papam
325 2941 518 3018 Nicolaum
543 2941 757 3018 confirmata
786 2942 886 3019 suere
910 2944 946 3018 in
974 2959 1156 3042 quantum

119 3103 142 3148 ,,
172 3055 226 3130 issa
251 3054 457 3130 concordiae
478 3053 638 3152 presenti
662 3078 740 3130 noo
768 3057 949 3139 obviant,
989 3055 1049 3131 isia
1079 3057 1159 3133 vice

119 3218 142 3261 „
173 3167 260 3242 nihii
281 3167 401 3241 extitit
422 3169 652 3245 immutatum
669 3222 701 3258 „.
730 3166 843 3244 Cuius
860 3164 1021 3244 clausula
1037 3170 1158 3267 perin-

120 3281 167 3356 de
195 3304 236 3356 ae
259 3277 418 3379 ipsorum
452 3278 777 3356 Concordutorum
808 3277 929 3375 legalis
946 3280 1160 3377 interpreta-

123 3394 177 3466 tio
217 3392 260 3465 ad
299 3407 490 3490 utramque
526 3391 780 3489 paciscentium
818 3405 955 3491 partem
991 3394 1159 3489 pertinet.

123 3498 244 3580 Piaee't
255 3526 342 3578 vero
361 3503 659 3602 punnatoribus,
681 3519 721 3579 ut
735 3506 906 3602 quamdiu
923 3502 1042 3580 adhuc
1058 3502 1163 3581 Cun-

126 3614 297 3699 corduta.
320 3638 401 3712 quae
425 3613 557 3691 veilent
573 3617 766 3712 abrogata,
784 3612 992 3703 subsistunt,
1007 3637 1075 3691 nec
1097 3613 1162 3691 fibi

127 3728 227 3802 natio
253 3722 466 3803 Germanica
487 3726 588 3802 aiiter
613 3726 865 3826 prospexerit,
905 3726 1045 3803 decreta
1070 3723 1164 3804 Basr-

127 3834 254 3915 leensra
279 3830 668 3934 prouteaan.'1439.
698 3839 761 3916 sub
786 3838 936 3917 Alberto
954 3836 1166 3937 moguntia

1026 3951 1108 4028 suut

169 4055 203 4137 a)
225 4048 262 4124 Τ.
286 4048 352 4121 vii.
378 4044 501 4119 Miseeil.
527 4068 555 4135 p.
578 4073 644 4134 525.
