2506 4958
169 553 219 640 58
515 539 660 635 Ecclesia
685 542 847 631 militum
903 660 907 669 Ι

24 764 28 773 .
162 706 410 794 christianum,
442 729 536 806 quos
565 706 735 794 dedoceri
761 706 896 793 necesse
913 707 982 796 suit
1010 733 1029 786 a
1056 708 1105 790 D.
1124 711 1214 790 Pau.

160 819 202 896 lo
222 820 264 899 ss.
282 821 327 897 ad
352 817 505 903 Thessal.
526 817 568 896 ΙΙ.
592 840 626 893 2.
645 821 705 899 ubi
724 873 736 908 ,
752 833 793 897 ιιι
808 844 899 907 non,
931 840 1038 921 rogat
1054 823 1180 910 ¹fratres
1200 885 1210 915 ,

159 935 231 1010 cito
256 935 473 1017 moveamini
502 928 649 1018 uveiiro
667 929 798 1028 sensu,
829 956 938 1039 neque
970 941 1211 1026 terreamini,

160 1069 271 1143 neque
302 1042 583 1142 perspiritum,
629 1066 739 1139 neque
766 1059 832 1141 per
844 1044 1071 1143 sermonem,
1102 1073 1213 1146 neque

156 1175 224 1259 prr
246 1153 420 1255 episiosam
455 1169 625 1253 tunquam
646 1170 716 1253 per
740 1180 802 1240 rror
833 1155 997 1258 miffrrm,
1036 1160 1131 1257 quus
1156 1168 1212 1237 in.

156 1269 310 1364 detdier
333 1269 490 1356 Domini.
552 1268 621 1346 Sed
647 1270 749 1368 ipsu,
790 1294 872 1377 quae
898 1295 989 1347 mox
1015 1272 1135 1361 subdit
1165 1276 1210 1352 de

157 1383 327 1487 periculis
354 1380 628 1470 uoviffimorum
661 1397 870 1480 temporum
899 1403 1007 1485 utque
1038 1386 1083 1460 de
1110 1388 1210 1464 Anti·

19 1582 22 1587 ,
157 1496 293 1579 christo
318 1495 451 1581 verbu.
502 1495 668 1591 quonium
695 1491 763 1584 nid
788 1499 929 1582 venerit
963 1495 1107 1593 discesso
1130 1503 1209 1594 pri.

155 1632 285 1696 mum,
314 1619 349 1685 et
371 1599 550 1683 revelatus
559 1603 680 1705 suerit
711 1604 813 1690 homo
834 1612 990 1705 peccori,
1012 1607 1113 1702 ¹filius
1127 1627 1210 1706 prr.

156 1721 304 1800 ditionis
332 1723 401 1797 &c
425 1721 537 1799 uariis
569 1719 784 1809 conieciuric
820 1724 1004 1807 materiam
1036 1723 1208 1799 subnrini.

158 1834 340 1921 strarunt,
369 1855 444 1909 non
467 1831 617 1913 alienam
646 1831 787 1929 precise
814 1832 962 1932 ascopo
989 1832 1206 1923 silvatoris,

155 1962 200 2029 ut
234 1947 360 2022 incerti
389 1943 435 2021 de
467 1941 537 2029 fine
567 1947 646 2029 vitae
680 1963 715 2021 et
751 1943 1069 2031 consummatione
1101 1948 1208 2029 seculi

154 2058 297 2160 semper
323 2056 448 2156 vigiles
471 2054 576 2137 simul
598 2053 773 2143 essemus,
809 2074 846 2133 et
878 2057 922 2137 ad
949 2059 1122 2135 iudicium
1145 2085 1207 2159 pa-

153 2173 233 2249 rati.
294 2168 419 2264 Quam
435 2169 598 2273 proclive
623 2167 692 2255 suit
715 2173 925 2274 proximum
954 2194 1138 2278 quemque
1158 2196 1225 2249 ex·

151 2283 444 2386 persecutoribus
465 2277 667 2363 Ecclesrae
659 2307 694 2365 ιιι
720 2278 956 2379 suspicionem
975 2286 1123 2369 venire,
1153 2285 1205 2359 di·

153 2411 262 2474 cente
286 2393 463 2523 Apostoso
486 2393 529 2473 de
557 2393 706 2477 homine
733 2393 796 2476 ilio
824 2398 977 2500 peccati:
1009 2394 1155 2481 Num
1132 2421 1205 2488 my.

145 2505 335 2602 sterium
321 2530 395 2583 rum
415 2515 584 2600 operatur
607 2507 837 2604 iniquitatis:
867 2518 1032 2593 tantum
1079 2512 1206 2602 utqui

153 2632 276 2708 tenet,
308 2641 399 2694 nunc
424 2627 559 2703 renent
592 2616 697 2704 donec
715 2618 756 2695 de
790 2618 903 2704 medio
914 2617 993 2712 fior
1054 2617 1096 2695 Er
1119 2633 1204 2695 runc

153 2730 376 2810 revelabitur
395 2728 491 2802 ille
477 2731 628 2827 ruiquur.
689 2727 877 2815 Coniundi
907 2730 1028 2815 solet
1019 2757 1055 2808 ιη
1086 2734 1202 2809 verbis

152 2842 324 2944 Apostoli
347 2840 449 2917 borno
484 2843 639 2937 percuti,
660 2835 761 2947 filius
786 2842 1023 2939 perditionis,
1053 2844 1107 2919 iiie
1132 2849 1204 2918 ini.

152 2981 265 3057 quur,
309 2978 393 3032 cum
419 2950 623 3039 discessione
654 2955 815 3051 primum
841 2970 989 3033 ventura
1027 2958 1082 3033 seu
1115 2981 1203 3054 apo-

151 3069 276 3163 stafia3
308 3069 369 3145 ubi
394 3069 569 3151 tamenin
596 3066 781 3151 nonnullis
806 3067 1089 3167 exemplaribus,
1121 3074 1204 3168 qui·

151 3182 222 3261 bus
269 3180 303 3259 S.
337 3179 555 3279 Augustinus
585 3194 620 3254 et
661 3179 827 3257 Sedulius
860 3177 909 3257 usr
953 3179 1057 3268 sunt,
1103 3177 1203 3278 refu.

143 3319 198 3394 gu
224 3295 403 3379 habetur:
449 3315 528 3392 quae
560 3296 683 3367 omnio
716 3291 951 3378 deseiiiunem
983 3292 1040 3372 seu
1065 3297 1202 3392 aposta.

150 3409 235 3487 finm
265 3431 283 3483 a
304 3404 374 3482 fide
397 3401 623 3501 fignificant,
656 3427 762 3509 quam
783 3403 942 3486 futuram
961 3421 1042 3480 ante
1077 3405 1201 3481 secun.

148 3522 240 3599 dum
267 3518 463 3606 aduentum
496 3514 597 3597 suum
624 3517 785 3612 praedicit
815 3516 1006 3603 Christus,
1037 3535 1074 3595 et
1094 3518 1201 3617 pieri·

148 3657 223 3732 que
247 3636 460 3728 interpretes
494 3627 580 3711 teste
607 3626 777 3707 Culureto
805 3633 841 3707 iu
864 3630 898 3707 h.
924 3630 945 3706 l.
979 3655 1057 3711 eam
1077 3630 1204 3707 disues-

150 3742 288 3824 fiunem
317 3743 376 3820 bre
396 3741 610 3841 agnoscunt.

204 3906 239 3986 S.
271 3905 493 4004 Augustinus
518 3926 633 3989 vero,
663 3919 699 3979 et
733 3905 795 4002 qui
821 3927 903 3978 eunr
921 3903 1116 4004 sequuntur
1146 3907 1200 3980 in-

147 4034 354 4118 terpretes,
392 4015 574 4114 duplicem
610 4015 670 4090 hrc
700 4013 942 4092 discessronem
970 4017 1197 4113 agnoscunt,

143 4129 353 4233 apostasiam
378 4129 482 4204 assde
506 4144 542 4204 et
572 4127 810 4204 desedionenr
839 4127 1044 4207 aRomauo
1085 4132 1200 4230 impe-

144 4252 231 4335 rio.
280 4267 360 4345 quae
394 4264 478 4319 cum
516 4242 588 4318 ianr
621 4239 742 4320 seculo
770 4240 929 4320 secundo
965 4240 1034 4320 visa
1066 4240 1106 4317 srt
1137 4266 1199 4321 au.

938 4478 941 4482 Ι
1074 4371 1142 4475 spi-
