2506 4958
305 239 457 316 regnum
479 213 608 307 Curilli
625 219 800 295 interris.
822 239 851 295 c.
865 214 954 297 XL.
1115 274 1117 279 ·
1123 240 1148 311 9

106 378 232 460 Sicilia
246 380 362 460 caedes
389 378 474 458 effet
493 396 725 482 perpetrata,
754 404 796 457 ac
817 405 917 458 anno
941 391 1057 473 1287.
1088 379 1153 457 de·

107 516 236 582 mum,
264 495 426 573 triennio
454 494 541 593 poll
558 511 714 569 mortem
750 495 881 591 patrie,
912 491 1005 568 filius
1033 491 1152 570 Caro·

106 604 163 685 lus
182 606 329 685 claudus
356 607 446 685 liber
470 602 555 682 eslet
578 602 760 691 dimissus,
791 627 890 681 anno
923 616 1042 692 1289·
1071 603 1150 681 Ro-

106 741 175 798 mae
189 720 315 798 Sicilia
332 741 417 806 rex,
435 718 586 794 cedente
601 714 800 817 Dangiano
813 741 902 817 rege
919 715 1149 816 Arragouiae,

105 848 330 925 coronatus;
358 832 421 909 ubi
446 830 536 906 nihil
563 847 651 908 tunc
669 834 786 927 magis
813 825 1004 930 agebatu'r,
1037 853 1149 928 qnam

106 959 150 1024 ut
173 967 328 1042 regnum
346 943 443 1028 hoc,
474 967 629 1043 pomum
662 942 782 1021 eridos
813 946 908 1021 iuter
938 940 1149 1039 pontificem
1243 944 1248 949 ”

105 1071 146 1134 et
178 1058 462 1153 imperatorem,
491 1053 737 1159 diremptum„
748 1071 944 1159 regeretur
962 1055 1006 1133 ab
1034 1050 1150 1157 impe·

106 1169 166 1246 rio
191 1167 424 1250 Germanico.

194 1328 296 1405 Nihil
320 1353 406 1405 vero
425 1324 624 1429 religiosius
643 1331 712 1408 fuit
725 1327 955 1430 liudolpho,
982 1331 1045 1431 qul
1061 1327 1152 1407 nihil

106 1444 292 1541 antiquius
315 1440 460 1529 habuit,
501 1467 610 1543 quam
648 1445 882 1520 concordiam
910 1440 1152 1519 sacerdotium

105 1556 206 1630 inter
224 1570 257 1630 et
279 1558 491 1652 imperium,
513 1556 565 1631 his
587 1558 700 1631 verbis
724 1559 838 1653 prima
858 1556 972 1631 statim
996 1556 1042 1630 ad
1056 1553 1150 1632 Gre-

107 1668 260 1766 getium
295 1663 345 1745 X.
374 1665 521 1765 epistola
560 1669 803 1743 contestatus:
851 1664 1149 1757 „Conhdeutes,
1236 1698 1239 1704 ·

106 1832 135 1870 „
163 1796 199 1852 et
216 1778 373 1877 spiritum
392 1776 616 1854 fortitudinis
642 1775 877 1884 allumentes,
896 1779 990 1853 etad
1007 1777 1153 1853 laudem

107 1943 135 1982 „
166 1904 202 1964 et
224 1888 378 1984 gloriam
401 1886 512 1987 Regis
535 1910 664 1986 regum
693 1890 743 1962 ob
768 1890 1007 1964 reverentiam
1026 1888 1150 1965 sanda

106 2056 134 2094 „
166 1998 292 2075 Matris
324 1996 509 2085 Ecclesiae,
560 2014 595 2074 et
626 1996 813 2075 catholicae
843 1997 928 2075 fidei
958 1997 1152 2075 fulcimen·

105 2167 132 2206 ,‚
164 2128 266 2195 tum,
297 2126 368 2186 tam
394 2109 576 2186 laboriosa
600 2109 850 2207 sollicitudinis
880 2113 1082 2197 exercitio,
1114 2124 1151 2187 et

106 2278 133 2317 „
166 2238 237 2298 tam
269 2221 428 2298 onerosae
454 2245 547 2298 curae
575 2224 763 2319 regimini,
805 2247 851 2299 ne
876 2222 1151 2323 quod'superni

108 2391 134 2428 „
165 2331 302 2410 consilii
331 2333 484 2410 altitudo
514 2335 742 2422 decreverat,
783 2333 951 2412 scissionis
975 2351 1037 2412 ant
1065 2348 1152 2435 rup-

108 2502 133 2540 „
165 2461 252 2522 turae
281 2446 470 2545 dispendio
501 2451 732 2543 contingeret
761 2446 960 2535 infirmari,
999 2447 1150 2525 subieci·

109 2614 134 2650 „
166 2583 244 2633 mus
269 2557 440 2634 humeros
466 2559 689 2644 imbecilles,
722 2560 920 2657 sperantes,
953 2559 1055 2658 quod
1082 2583 1152 2636 no·

109 2726 135 2763 ,‚
166 2671 217 2744 bis
236 2687 306 2744 tam
326 2669 413 2756 Dei,
445 2694 552 2768 quam
584 2669 806 2746 sacrosancta
829 2672 949 2746 matris
965 2668 1147 2757 Ecclesiae,

111 2837 136 2874 ,‚
168 2805 233 2857 nec
260 2805 335 2856 non
354 2780 559 2879 apostolicae
575 2784 698 2876 gratiae
716 2781 930 2879 plenitudo,
960 2797 1069 2880 atque
1091 2806 1153 2881 pa·

107 2949 137 2986 „
167 2896 260 2970 terni
277 2894 377 2967 vestri
392 2892 522 2968 favoris
538 2891 726 2968 clementia
744 2893 872 2969 debeat
893 2916 970 2968 non
984 2890 1099 2968 deesse
1114 2949 1148 2986 „.

112 3001 184 3084 His
210 3008 318 3079 animi
350 3004 504 3079 l'enltbus
535 3020 684 3103 turgent
712 3004 787 3082 aliae
811 3003 997 3105 Rudolphi
1022 3005 1153 3104 episto·

112 3117 187 3203 lae,
229 3141 313 3213 quas
343 3115 509 3214 singulari
541 3139 653 3214 opere
679 3115 795 3205 edidi,
827 3116 960 3217 quibus
990 3113 1154 3216 praemilst

112 3226 197 3305 sunt
220 3226 336 3303 Fasti
367 3227 660 3314 Runortruur,
693 3230 729 3304 in
754 3230 887 3328 quibus
907 3251 976 3328 pro
998 3227 1153 3305 modulo

114 3363 202 3415 meo
229 3338 417 3439 Rudolphi
436 3365 607 3436 magnum
629 3364 767 3415 nomen
791 3365 832 3418 ac
855 3343 950 3440 gesta
972 3365 1040 3439 pro
1059 3356 1154 3418 utra·

115 3472 190 3551 que
218 3452 399 3548 republica
424 3453 601 3528 celebrare
625 3451 825 3528 allaboravi.
884 3450 1073 3550 Rudolphi
1094 3475 1156 3550 pa·

116 3567 181 3640 tris
205 3567 348 3659 vestigia
383 3588 587 3662 premens,
624 3562 764 3664 seseque
792 3569 828 3639 in
852 3565 1055 3641 Germaniae
1088 3569 1156 3639 im-

120 3678 223 3776 perio
246 3681 461 3761 continens,
491 3675 724 3752 concordiam
747 3677 931 3754 sacerdotii
953 3692 990 3752 et
1015 3679 1154 3776 imperii

118 3788 346 3864 conservavit
381 3789 545 3865 tilbertus
573 3787 685 3873 lilius,
719 3812 828 3888 quem
860 3789 1154 3865 Austriaeduuatu

119 3900 322 3978 investierat
348 3898 585 4003 Rudolphus,
617 3903 784 3978 obtinete
803 3916 925 3978 tamen
942 3899 1057 3979 hlium
1079 3924 1153 3974 non

601 4010 633 4090 A
666 4031 683 4105 5
1031 4035 1097 4112 po·
