2506 4958
10 40 40 297 ξ
140 224 143 231 ·
252 236 404 315 regnam
430 210 617 308 christiin
632 190 755 299 terr'm
774 238 803 296 c.
820 212 907 298 XX·
1024 239 1101 316 153

10 376 12 381 ’
69 377 302 468 trudimur,
341 379 621 479 instauraretque
643 403 798 483 regnum
818 381 858 458 iu
876 380 1109 483 redemptore

27 558 30 563 .
68 492 199 573 nostro
228 488 428 569 exsemine
455 488 633 568 Abraham
663 495 828 592 (inquo
853 494 1110 575 benedicende

68 620 174 687 erant
196 625 326 681 omues
354 598 513 709 gentes)
541 619 577 679 et
604 603 709 703 stirpe
732 600 876 690 David,
907 621 1107 704 regnaturo

69 721 108 797 in
129 716 250 793 domo
282 712 390 792 iacob
414 716 451 790 in
476 729 677 793 aeternum:
726 730 837 818 prout
858 716 934 794 haec
962 720 1111 819 mystice

68 828 157 909 suot
188 825 280 903 diua
304 842 340 904 et
365 829 489 927 typica
511 824 735 926 praefigurata
763 831 800 905 iu
827 827 1026 907 theocratia
1050 829 1111 909 ilia

71 941 204 1020 veteris
232 937 431 1015 testamenti
463 937 560 1038 apud
591 937 736 1015 elediam
773 954 863 1018 tunc
896 938 1110 1020 Hebraicam

69 1074 118 1131 ex
138 1049 353 1131 Abrahamo.
373 1065 524 1153 gentem
545 1074 557 1144 3
614 1074 678 1151 per
707 1050 891 1130 Christum
917 1071 1038 1133 autem
1072 1057 1111 1132 in

71 1164 146 1247 suia
190 1161 376 1262 Apostolis
415 1175 451 1238 et
488 1183 618 1239 eorum
654 1160 910 1243 succefforibua
956 1165 1112 1245 instituta

71 1273 308 1361 hierarchia,
355 1287 632 1377 prorogatoque
668 1298 786 1374 regno
819 1276 1043 1355 theocratico
1066 1278 1110 1356 ad

70 1409 206 1465 omnes
231 1399 394 1485 gentes,
439 1384 717 1487 universumque
746 1410 863 1485 genus
892 1386 1110 1479 humanum,

70 1513 260 1601 quotquot
285 1499 391 1575 etiam
411 1513 494 1574 ante
513 1497 698 1577 Christum
719 1500 909 1599 participes
939 1501 1112 1581 fonteius

74 1611 340 1710 redemptionis
361 1631 403 1687 ac
428 1612 553 1707 regni,
584 1613 621 1687 in
646 1612 758 1687 veteri
783 1612 995 1691 testamento
1026 1637 1114 1713 pro·

72 1720 184 1810 nitri,
215 1736 252 1801 et
274 1723 433 1798 innovo
455 1721 680 1820 insanguine
701 1721 834 1800 Christi
863 1747 928 1822 per
952 1741 1112 1804 mortem
1205 1778 1208 1785 -

74 1849 114 1913 et
138 1833 438 1913 resurrectionem
466 1832 562 1909 suam
590 1833 777 1911 constituti
807 1836 844 1908 in
872 1832 1022 1914 Eccleiia
1047 1839 1113 1915 mi·

72 1945 202 2029 litante
224 1949 262 2022 iu
287 1946 444 2021 territet
467 1943 715 2043 triumphante
737 1959 912 2023 aternum
931 1950 967 2021 in
987 1946 1111 2026 coeiis:

73 2056 100 2135 ii
125 2075 247 2135 tamen
271 2055 330 2135 hic
352 2058 389 2131 in
405 2077 529 2154 agone
555 2056 873 2142 contenderimus,
894 2080 936 2135 ac
953 2055 1114 2155 legitime

74 2171 333 2249 certaverimus
353 2166 467 2245 futuri
486 2166 673 2245 consortes
692 2181 728 2244 et
748 2165 953 2247 coheredes
966 2173 1042 2248 eius
1060 2194 1115 2248 re·

75 2284 169 2382 gui,
204 2303 246 2359 ac
275 2281 464 2380 participes
495 2278 693 2380 aliquando
717 2281 825 2357 etiam
850 2279 1113 2365 resurrectionis

76 2392 240 2470 eiusdem
255 2394 301 2469 =in
321 2414 426 2467 carne
447 2392 527 2491 post
544 2392 834 2469 consummatum
851 2391 941 2470 illud
957 2384 1112 2493 regnum

74 2501 240 2587 Ecclefiae
270 2503 455 2582 militantis
485 2505 521 2578 in
550 2506 653 2580 terris
679 2506 715 2579 in
744 2507 1010 2584 communione
1039 2506 1113 2584 san-

44 2700 48 2707 ,
76 2619 222 2695 florum
239 2613 398 2696 Ecclefiae
424 2614 679 2712 triumphantis
704 2616 890 2703 incaelis,
919 2617 965 2697 de
985 2643 1059 2718 quo
1078 2620 1113 2697 S.

75 2727 235 2810 loannes
251 2726 371 2827 Apoc.
390 2748 464 2828 cap.
484 2724 578 2806 XX.
600 2740 641 2802 ut
662 2729 876 2804 notavimus.
922 2725 1112 2829 Perperaut

76 2862 170 2919 vero
184 2837 286 2927 sunt,
315 2840 379 2938 qui
398 2837 488 2918 illud
511 2838 630 2914 adhuc
649 2840 685 2913 iu
716 2836 1111 2918 terris'instaurandum

75 2953 221 3054 sperant
245 2972 290 3027 ex
324 2949 494 3027 sententia
516 2947 763 3030 Chiliastarum
792 2949 957 3051 priorum
982 2949 1115 3029 seculo.

77 3086 193 3157 runa3
224 3060 280 3140 sed
300 3060 519 3162 procliviore
538 3060 639 3161 lapsu.
656 3061 880 3162 temporibus
904 3058 973 3139 iilis
996 3061 1116 3162 preffae

77 3170 267 3261 Ecclefiae,
295 3172 475 3272 plerisque
501 3175 606 3252 etiam
631 3196 676 3249 ex
702 3174 828 3276 primis
853 3171 913 3250 SS.
933 3171 1113 3264 Patribus,

79 3303 124 3368 ut
155 3289 225 3367 iam
257 3283 551 3372 observavimus,
606 3286 729 3385 potius
768 3308 924 3384 regnum
953 3284 1114 3368 Ecctefiae

79 3396 290 3481 militantis,
333 3415 443 3499 prout
468 3401 505 3473 in
536 3395 733 3474 libertatem
756 3397 978 3480 vindicatum
999 3399 1114 3481 haile-

78 3532 152 3595 uua
171 3508 351 3599 decurrit,
379 3533 452 3614 pra
471 3507 590 3592 oculis
616 3508 848 3591 habentibus.
