2506 4958
194 210 345 317 regnum
364 206 493 305 Chriii
508 217 548 293 in
559 192 681 296 terris.
699 227 727 296 c.
748 204 973 298 XXXVril.
1034 232 1082 314 33
1092 240 1110 314 3

88 412 105 479 ,·
130 384 261 468 creati.
302 393 412 481 atque
438 403 484 457 eo
515 383 635 457 miuus
666 383 740 480 epti
775 382 996 482 reipublice,
1043 392 1120 485 ‘quo
1237 412 1241 418 ·

88 554 100 591 ‚
130 489 273 573 conii‘rt
294 503 360 569 eos
375 493 568 591 tyrannice
586 495 730 594 potius,
765 517 875 593 quam
899 497 1038 597 pietatis
1058 514 1121 574 tu.

88 657 101 702 ,
132 607 300 685 &oritate
326 603 528 704 processisse
539 661 571 696 „.
640 602 701 682 De
726 606 855 682 eodem
886 631 973 685 veru
1001 609 1119 686 ranno

88 732 301 821 mperatore
323 715 367 792 nd
394 715 428 792 S.
456 715 603 794 Petrum
630 714 758 795 Romae
783 743 838 795 an.
867 727 981 814 1014.
1004 738 1121 798 coru·

88 849 172 910 rato
186 827 297 906 resert
321 826 510 906 Ditmarur
528 826 566 916 o)
586 842 778 929 antequam
799 834 836 907 in
856 830 1035 908 ecclesiam
1056 852 1123 911 co·-

88 941 269 1023 rouandus
301 938 615 1026 introduceretur,
660 965 679 1015 a
711 962 799 1042 papo
827 945 1118 1043 interrogatum,

88 1114 106 1150 ‚,
132 1052 288 1132 fifideln
308 1051 413 1128 vellet
443 1047 618 1130 Ronunae
643 1071 820 1154 patronus
843 1053 912 1131 effe
936 1070 977 1132 ct
1000 1054 1124 1133 delen·-

88 1221 106 1262 ‚,
133 1168 195 1245 sor
224 1161 406 1250 Eccleliae,
451 1161 515 1239 fibi
543 1179 664 1241 autem
704 1163 842 1267 suisque
867 1164 1125 1248 imceisorium

88 1334 106 1374 Β
133 1293 201 1380 per
216 1279 342 1353 omniu
368 1275 498 1361 fidelis,
530 1275 660 1354 devota
679 1276 896 1376 proseslione
919 1278 1123 1381 respondis

88 1391 183 1486 „se
240 1385 395 1466 Etrunc
415 1389 459 1465 ab
483 1388 615 1466 eodem
642 1390 917 1478 inunctionem.
959 1407 995 1468 et
1015 1414 1125 1470 curm

88 1524 224 1598 „nani
248 1523 334 1578 cum
355 1499 541 1578 contesiali
570 1500 628 1579 sua
655 1500 813 1632 suscepit
874 1501 1036 1582 Priorem
1060 1527 1123 1583 au

88 1629 215 1710 ,tem
245 1634 422 1690 coronam
455 1611 561 1713 super
598 1613 707 1691 altare
739 1616 911 1717 principis
935 1615 1159 1753 apotolo

88 1749 222 1826 „rum
242 1723 408 1826 suspendi
432 1729 611 1825 praecepn„
639 1770 663 1818 ·„

176 1902 267 1985 Duo
296 1927 375 2007 quae
394 1907 579 2004 attigimus
600 1909 735 2008 cupita,
767 1907 945 2023 scaturigo
964 1921 1004 1986 et
1022 1913 1126 1988 causo

88 2020 238 2099 fuerunt
260 2030 446 2097 tantorum
471 2018 674 2106 malorum,
706 2043 786 2121 quae
814 2037 1003 2122 utrumque
1031 2043 1126 2098 tem

88 2129 272 2234 publicam
303 2131 419 2208 secum
435 2130 543 2207 collis
536 2154 594 2206 am
623 2130 880 2219 afflixerunt,
868 2136 1061 2232 imperium
1085 2143 1129 2211 et

90 2233 304 2330 Ecclesiam,
321 2236 522 2320 Romanam
539 2241 748 2343 praeserttm,
770 2269 876 2346 quam
899 2244 1001 2344 supra
1021 2244 1127 2321 intel

91 2357 247 2434 luximus
269 2348 491 2432 horribiliter
514 2353 779 2487 conquassatum
812 2358 1127 2458 perturbatumque

90 2469 137 2546 ab
164 2467 231 2545 illis
256 2470 402 2566 regibus
428 2466 541 2555 ltalis.
572 2472 635 2570 qui
656 2473 818 2546 certatim
848 2469 1057 2568 usurpantes
1083 2468 1128 2545 sr-

91 2583 131 2657 bi
160 2578 328 2656 Romae
319 2582 512 2678 imperium
540 2603 609 2680 pro
635 2579 753 2658 lubitu
773 2597 808 2657 et
828 2582 1034 2658 commodis
1060 2580 1129 2659 suis

91 2689 285 2794 pontifices
311 2683 585 2768 constituerunt.
645 2691 916 2790 Ingravescente
933 2694 1070 2780 indies,
1086 2716 1129 2771 ac
1207 2749 1212 2758 ·

94 2802 198 2880 velut
223 2827 351 2880 cancer
380 2803 543 2904 serpente
563 2802 684 2889 niolo,
724 2803 804 2879 labe
834 2801 1130 2881 fimoniaoauca-

96 2920 174 3016 pite
194 2902 374 3014 progressa
399 2933 474 2992 tuta
494 2939 587 3017 pene
609 2913 735 2992 inferta
755 2913 824 2993 fuit
848 2912 1010 2992 Ecclello
1069 2901 1131 2993 De
1244 2976 1248 2985 .

95 3028 178 3105 sede
195 3022 359 3105 Romana
386 3026 504 3104 nullus
524 3030 630 3104 nobis
650 3027 868 3106 luculentior
894 3027 945 3104 est
963 3026 1087 3104 tellis
1078 3050 1133 3126 tp·

95 3140 136 3217 so
157 3165 244 3240 papa
265 3134 303 3218 S.
322 3126 448 3219 Leone
472 3137 540 3218 lX.
560 3142 620 3241 qui
645 3140 689 3216 ad
708 3140 987 3220 Constantinum
1005 3160 1136 3216 mona·

98 3251 211 3329 chum
235 3247 282 3329 bc
312 3252 447 3329 scribit:
490 3250 698 3351 Abundunte
723 3255 930 3347 iniquitate,
968 3259 1005 3327 et
1021 3246 1134 3348 ‘refri-

93 3354 255 3461 gescenie
289 3360 466 3440 charitate
505 3363 542 3463 S.¹
573 3363 686 3466 ,Rome
720 3362 862 3452 Ecclefia
891 3375 924 3438 et
950 3360 1135 3460 apostolica

89 3470 190 3575 sedes
216 3479 367 3552 nimium
395 3474 457 3552 csiu
483 3473 606 3574 obsesso
622 3473 702 3575 fuit
726 3479 972 3562 mercenariis,
1004 3487 1038 3551 et
1065 3497 1136 3553 non

96 3576 318 3687 palloribus,
363 3612 385 3664 o
414 3586 537 3683 quibus
555 3585 650 3689 suu,
687 3599 724 3664 et
749 3611 817 3664 non
845 3612 918 3684 puae
944 3585 1033 3685 funt
1060 3585 1137 3685 Iesu

102 3696 256 3790 Chrilii,
288 3697 519 3798 querentibus
542 3696 718 3788 decollato
733 3698 867 3778 incubui
887 3698 1138 3796 miserm-iliter
1204 3691 1207 3697 ’

101 3813 276 3892 botlenus.
335 3813 376 3892 ld
407 3813 506 3916 quod
538 3813 583 3894 de
609 3812 708 3895 ltalia
741 3817 910 3894 omnium
941 3810 1139 3916 probatiffi·

998 3949 1082 4007 mus

147 4082 182 4162 a>
203 4069 253 4148 in.
278 4080 341 4147 vn.
366 4081 470 4148 nnn.
