2512 4620
187 210 346 307 'reguum
367 205 497 306 corpis·
515 210 556 286 in
576 212 696 297 terris.
718 232 746 291 a
772 207 951 297 XLVIII.
1008 229 1091 309 ιη

55 382 130 449 tres
162 386 386 452 memoratos
420 368 657 470 Evangelistus
685 369 753 448 fint
782 368 984 471 deignata,
1013 358 1104 474 quae¹

56 502 127 560 nos
147 479 286 582 semper
311 487 348 559 in
374 482 640 561 salutari'metu
662 481 870 572 detineant,
899 500 937 562 et
960 487 997 561 in
1013 483 1095 563 offi-

57 601 120 672 cio
138 595 328 673 continere
351 594 505 673 debeant
534 593 703 694 perinde,
733 619 775 672 ac
801 597 934 674 incerta
966 600 1095 676 martit

55 702 170 794 hora.
202 710 455 808 incertumque
470 707 606 795 fatum,
627 730 669 785 aa
686 704 879 785 destinatio
906 709 985 807 post
1002 709 1095 790 nane

57 821 191 895 vitant:
237 818 335 897 unde
356 842 426 895 nos
445 819 591 917 Sapiens
616 815 654 906 a)
677 832 824 896 monet:
869 817 916 897 In
933 817 1095 902 omnibus

57 925 220 1027 operibus
240 933 312 1007 iuis
340 952 543 1007 memorare
563 926 743 1025 nootfflma
767 941 856 1021 tua,
884 941 920 1007 ei
937 934 978 1008 in
995 944 1094 1009 αῖον·
1174 943 1176 947 ’

56 1063 144 1117 num
177 1063 247 1118 non
277 1037 442 1138 peccabis.
499 1041 594 1121 Ante
619 1045 744 1120 omnia
774 1064 862 1120 vern
894 1066 962 1120 nos
987 1043 1095 1122 Chri·

58 1152 131 1230 stos
154 1152 434 1233 aseduiiotibus
461 1169 586 1234 cautos
615 1151 684 1232 effe
706 1152 783 1234 vult
807 1149 847 1244 b)
874 1171 911 1232 et
939 1159 1095 1235 circam·

57 1263 198 1364 spodos
225 1264 321 1364 apud
340 1289 469 1343 omnes
489 1282 561 1345 tres
592 1261 843 1365 Evangeiistas.
902 1263 1026 1344 Videte
1050 1289 1095 1344 ne
1217 1320 1221 1329 ·

58 1377 138 1472 quis
163 1398 227 1454 vas
245 1374 417 1484 seducai,
462 1374 568 1454 multi
588 1380 683 1455 enim
708 1380 852 1455 venient
880 1379 919 1454 iu
938 1378 1096 1459 Nomina

57 1508 135 1563 mea
154 1486 302 1569 &centes
317 1510 380 1588 ego
391 1486 475 1595 suut
501 1487 654 1582 Christus
675 1499 709 1568 ei
724 1486 852 1570 multas
863 1489 1039 1604 [aucant.

143 1647 262 1744 Quod
289 1674 365 1727 nnn
390 1649 437 1727 de
457 1648 525 1727 illia
551 1649 667 1728 fnium
691 1649 1000 1749 intelligendum.
1029 1653 1094 1753 qai

58 1758 95 1839 se
114 1783 182 1862 pto
199 1759 456 1861 pseudomeffia
477 1760 729 1847 venditarunt.
758 1776 820 1838 aut
840 1760 1094 1859 vpnditabunt:

59 1871 257 1972 dequibus
279 1870 375 1971 apud
402 1870 567 1949 Marcam
592 1869 698 1951 ΧΙΙΙ.
720 1882 755 1956 8.
772 1885 809 1950 et
827 1866 963 1950 Lucam
984 1870 1097 1953 XXI.

65 2003 98 2076 ς.
124 1979 255 2059 omisso
279 1982 412 2061 Christi
435 1983 585 2061 nomine
610 1981 780 2062 habetur:
810 1981 983 2073 dicentes,
1012 1984 1097 2080 quia

59 2116 124 2192 agn
140 2091 234 2193 sam.
292 2093 362 2172 Sed
389 2096 583 2196 praecautio
603 2091 647 2174 ad
674 2095 795 2171 omnin
824 2097 968 2194 generis
995 2093 1098 2183 sedo,-

60 2207 177 2284 &ores
200 2206 375 2306 pertinet,
405 2208 468 2307 qai
494 2229 681 2308 nunquam
706 2205 899 2285 defuerant
916 2209 954 2286 in
977 2203 1100 2293 Eccle-

61 2317 107 2396 fia
130 2317 322 2406 militante,
354 2335 534 2420 eruntque
556 2321 842 2420 quammaxime
866 2318 935 2398 illis
957 2321 1117 2420 peticu-v

61 2427 233 2506 lofissimis
249 2432 499 2530 temporibus,
528 2428 574 2508 de
596 2431 726 2532 quibus
746 2430 912 2511 Christos
929 2427 965 2521 c)
998 2429 1099 2532 quod

50 2540 207 2641 surgent
218 2539 485 2640 pseudochristi,
513 2552 548 2619 oi
569 2541 886 2640 pseudopropheta,
908 2552 944 2618 et
968 2540 1102 2620 dabunt

52 2650 157 2752 ,ligna
180 2676 311 2751 magna
334 2664 367 2729 et
385 2654 578 2750 prodigia.
607 2656 661 2732 ita
687 2663 728 2729 ut
756 2656 796 2730 in
818 2675 978 2730 errorem
996 2653 1101 2730 indta·

63 2776 217 2853 anatur,
265 2761 396 2861 opere·
422 2760 553 2863 potest,
598 2768 705 2843 etiam
747 2761 852 2845 eletii.
912 2764 1008 2860 Quae
1034 2786 1102 2841 no-

62 2877 116 2952 bis
137 2876 181 2952 ad
204 2875 379 2953 cantelam
407 2874 489 2956 sont
521 2874 694 2976 praeditia.
753 2875 951 2976 Apostolos
976 2893 1098 2954 autent

62 2986 158 3090 ipsos
189 2986 352 3067 Christus
381 2989 627 3087 praemonuit,
672 3009 750 3064 non
771 2983 839 3065 effe
856 2990 998 3067 incaute
1021 2986 1102 3089 post

64 3123 128 3177 eos
147 3097 329 3185 eundum,
359 3100 421 3200 qui
435 3093 475 3190 d)
491 3097 670 3175 dicerent:
701 3100 1000 3196 appropinquavit
1014 3111 1103 3176 tem,

62 3224 153 3308 pus:
178 3233 257 3288 cum
274 3222 391 3287 nutem
412 3209 598 3286 audieritis
611 3207 740 3307 proelia
758 3219 793 3287 et
801 3207 1011 3309 seditiones,
1040 3231 1104 3287 no·
1156 3194 1160 3213 ’

64 3321 127 3400 iiie
152 3324 309 3412 terreri3
350 3332 486 3417 oporiet
514 3322 608 3396 onim
634 3324 793 3418 primum
820 3319 1011 3418 baustum
1044 3318 1108 3414 sed

67 3432 219 3508 nonaum
236 3431 350 3520 {iatine
365 3433 458 3525 pinis.
523 3428 624 3511 Tunc
637 3430 772 3510 dicebat
785 3431 873 3512 iliis:
889 3433 1106 3531 impugant

70 3555 193 3621 cauma
206 3558 368 3641 gentem,
413 3558 447 3623 et
469 3567 622 3642 reguum
648 3543 817 3640 advorsus
841 3567 1003 3639 reguum.
1060 3542 1106 3624 o

67 3668 172 3734 terra
198 3669 311 3736 motus
332 3660 455 3755 magui
480 3665 585 3736 erunt
607 3669 673 3751 per
692 3654 789 3747 inca,
829 3667 863 3736 ai
885 3653 1104 3760 pestilentia.

588 3764 683 3860 04
1002 3778 1048 3854 ei

111 3915 144 3983 a)
168 3911 247 3975 Eacl.
269 3912 332 3976 Vll.
359 3935 408 3986 ao.
472 3917 506 3994 b)
530 3911 637 3984 Matth-
657 3910 773 3983 xxiv.
799 3933 830 3988 ⁴·

113 4002 143 4074 e)
166 3996 281 4125 Matth.k
299 3997 413 4063 XXiV.
433 4014 482 4072 ua.
547 3996 675 4078 d)1.oo.
696 3994 829 4078 XXM.
