2506 4958
208 240 358 319 reguum
377 212 504 311 careia·
516 215 684 299 interris.
699 243 729 298 c.
743 206 904 327 alulit?
1014 236 1094 318 177,

55 386 237 472 alterum,
268 383 386 469 addit,
412 380 579 469 delicias,
604 380 756 460 altarum
769 380 929 479 gloriam
948 383 1090 467 redolet.

56 502 119 578 Sic
144 520 232 575 aero
265 494 437 574 Pollidius
463 498 500 570 io
528 484 595 571 vita
623 495 656 572 S.
684 494 871 591 Augustini
899 511 1009 596 caput
1026 518 1090 578 22.
1241 538 1244 543 ·

56 613 166 689 huius
198 611 404 707 argumenti
440 607 658 705 auspicatur:
699 659 720 699 „
743 606 865 683 Vestes
910 611 1013 694 eius,
1054 624 1092 690 et

56 777 80 818 ,‚
109 714 376 805 calceamenta,
418 719 473 794 vel
499 715 674 795 tledualia
706 742 752 794 ex
801 719 1014 808 moderato,
1055 736 1093 801 ct

56 890 82 930 „
113 834 341 933 competenti
367 829 491 907 habitu
518 846 639 918 erant,
671 853 738 907 nec
764 831 874 909 nitida
907 834 1091 921 nimium,

59 1004 83 1041 ,‚
112 969 184 1024 nec
220 945 349 1021 abieda
398 943 620 1042 plurimum:
666 945 749 1041 quia
788 942 842 1019 hia
878 942 1096 1044 plerumque

59 1112 83 1152 „
114 1057 171 1133 ael
208 1055 331 1133 lauare
365 1052 400 1130 se
436 1053 632 1130 insolenter
668 1055 834 1130 homines
865 1054 997 1144 solent,
1035 1056 1094 1133 vel

58 1223 84 1264 „
112 1170 290 1261 abiicere3
309 1188 354 1243 ex
375 1183 532 1265 utroque
553 1189 628 1242 nou
650 1188 729 1264 qua
751 1164 828 1243 lesu
846 1165 1002 1255 Christi,
1034 1166 1094 1246 sed

60 1338 85 1375 „
114 1302 197 1381 quae
228 1279 284 1357 sua
319 1278 423 1363 sunt,
455 1276 562 1352 iidem
594 1294 803 1378 quarentes.
863 1278 1014 1364 Ariste,
1049 1296 1092 1359 ut

60 1447 84 1488 ,‚
112 1393 213 1478 dixi,
254 1389 413 1467 medium
461 1390 628 1475 tenebat,
675 1412 793 1490 neque
821 1392 858 1467 in
896 1390 1089 1481 dextram,

60 1560 85 1599 „
117 1526 234 1604 neque
267 1505 304 1576 in
347 1497 516 1576 finiliram
559 1500 790 1594 declinant„
857 1501 892 1578 S.
931 1499 1090 1583 Hilarius

64 1610 272 1695 Arelateofis
298 1616 334 1688 in
363 1612 397 1689 S.
423 1609 616 1691 Hnnotato
641 1636 687 1689 ex
714 1612 896 1689 monacho
917 1611 1093 1696 Lirinensi

64 1723 334 1824 archiepiscopo
367 1722 557 1801 Arelatensi
587 1723 805 1804 antecessore
838 1724 902 1800 suo
929 1726 1092 1824 rigidiffi·

67 1860 134 1915 mae
163 1838 245 1913 alias
274 1839 375 1922 vitae,
407 1857 515 1934 quam
547 1835 746 1913 monachus
781 1838 919 1913 secutus
949 1837 1091 1930 fuerat.

66 1953 205 2048 lemp'er
222 1942 523 2024 observantissime
543 1947 709 2024 omnium
725 1948 964 2036 nimietatum,
979 1964 1015 2027 et
1028 1974 1094 2028 co.

66 2064 166 2162 gnati
190 2060 430 2136 nimietatibus
452 2057 577 2156 gloriae
597 2061 775 2159 appetitus
794 2057 917 2158 fugam
938 2081 968 2137 c.
992 2053 1093 2142 Vlll.

65 2200 101 2251 n.
138 2192 201 2264 37.
233 2171 453 2272 depraedicat
513 2166 698 2247 Socratem
732 2169 938 2249 haereticum
967 2166 1094 2253 Nova·

67 2289 206 2361 tionum
229 2306 306 2358 non
331 2304 539 2369 moramur,
569 2281 656 2361 dum
681 2280 822 2383 Cyrillo
849 2274 1098 2366 Alehandrino

68 2393 276 2474 sontiilhmo
309 2391 493 2491 pontifici,
524 2393 663 2473 dodoci
695 2416 737 2470 ac
765 2395 985 2478 orthodoxa
1013 2398 1098 2478 fidei

68 2508 335 2609 propugnatori
357 2506 518 2582 maximo
545 2506 714 2583 invidiam
743 2533 862 2588 creare
885 2512 976 2589 velle
999 2514 1098 2592 vidc-

67 2636 150 2711 tur;
169 2612 378 2708 narranso),
394 2642 475 2694 eum
500 2620 536 2695 in
559 2617 637 2695 sede
660 2619 850 2722 episcopali
872 2623 1096 2704 collocatum

67 2735 243 2808 maiorem
265 2731 526 2827 principatum,
558 2752 667 2830 quam
688 2754 847 2834 unquam
866 2729 1096 2834 Theophilus

69 2837 262 2927 habuisset,
282 2844 411 2940 pariter
436 2840 498 2917 sabi
517 2838 738 2944 aslumpfilse.
784 2840 942 2933 Etenim,
963 2853 1096 2946 pergit,

68 2978 117 3055 cu
135 2951 194 3029 illo
212 2964 364 3049 tempore
383 2952 556 3053 episcopus
576 2950 835 3033 Alexandrinus
853 2965 983 3053 prater
1002 2954 1098 3050 locri

69 3066 157 3142 cleri
180 3064 415 3151 dominatum,
442 3078 564 3143 rerum
580 3079 750 3163 praterea
760 3066 976 3164 secularium
995 3074 1099 3166 pria.

70 3181 224 3272 cipetum
247 3174 440 3272 oopuifioit.
498 3179 533 3256 S.
554 3174 705 3258 llldorus
725 3178 896 3258 Pelusiota
922 3203 978 3282 ep.
998 3194 1094 3283 408.

69 3286 231 3368 Ecclehae
262 3287 322 3365 hic
352 3289 420 3365 lata
456 3290 548 3378 alia,
576 3292 677 3391 quod
713 3294 750 3368 ln
791 3293 1098 3374 administratione

72 3402 258 3478 honorum
293 3399 367 3477 lieri
400 3400 511 3490 solet,
539 3406 711 3502 attingit,
743 3426 818 3480 non
852 3404 999 3504 quidem
1034 3407 1100 3485 lia-

70 3529 150 3588 tum
173 3516 248 3588 eiua
266 3509 455 3589 florentem
478 3512 669 3601 incessam,
702 3517 803 3616 quod
822 3516 953 3595 faciunt
972 3516 1097 3608 invidi,

71 3625 135 3724 qui
168 3619 355 3700 Ecclesiam
381 3623 525 3702 honore
544 3643 579 3703 et
608 3626 737 3727 opibus
763 3624 947 3726 spoliatam
970 3630 1117 3710 volunt·

66 3750 106 3812 et
134 3758 315 3831 egenam,
347 3754 458 3836 prout
488 3736 649 3817 Christus
680 3739 864 3839 apostolor
894 3739 974 3817 suos
1005 3736 1100 3819 mlht

59 3845 152 3939 ficut
178 3868 257 3923 oves
287 3848 327 3923 in
352 3848 464 3927 medlo
494 3848 681 3948 luporum,
712 3852 982 3955 persecutorum
1009 3854 1100 3932 scili·

69 3955 231 4037 Tomi.
365 4038 371 4049 ,
532 3960 575 4042 Μ
979 3978 1050 4063 cet.

92 4058 575 4151 aunisimau
641 4060 645 4069 '
