2506 4958
229 232 382 310 regnum
402 205 532 301 Chridi
546 212 586 289 in
600 211 720 290 terris.
735 232 764 288 c.
789 149 903 289 >titt
1021 233 1099 308 127

64 370 232 453 iam'nun
251 377 288 450 in
308 396 354 450 eo
379 392 435 450 tea
458 368 569 460 iietit.
599 370 700 473 quod
719 369 877 450 tribunal
903 368 1102 455 Nuntiata.

65 512 185 565 rarum
209 490 245 562 in
272 485 466 564 Germania
496 485 689 585 [pedatiam
736 487 1005 585 imperatorque
1035 487 1099 566 iao

63 600 240 697 exemplo
261 593 504 698 metropolitis
523 595 727 675 Germaniae
753 595 856 675 suum
885 598 1103 680 condixerat
1144 598 1146 602 ’

65 714 304 811 patrocinium
329 709 455 785 litteris
485 730 541 784 an.
574 719 688 799 1785·
715 707 813 784 unde
844 702 896 782 iiii
925 731 1023 784 anno
1052 710 1101 788 ie-

65 826 192 922 quenti
222 818 269 897 ex
297 823 404 897 curiis
435 816 502 896 iuis
533 813 663 916 [iuguli
691 819 912 920 deputarunt
938 820 981 896 ¹ad
1008 844 1101 899 con.

63 954 214 1010 ventum
235 933 397 1031 adaquas
416 927 620 1008 Embsenses
636 930 841 1028 agendum,
856 928 997 1009 Eletiot
1015 933 1102 1013 Μο-

63 1042 243 1144 guntinus
266 1043 501 1120 Valentinum
522 1040 670 1120 Heimes
693 1040 977 1141 suffraganeum,
1008 1037 1101 1123 Tre.

64 1154 209 1233 virensis
239 1155 302 1234 toi:
330 1149 469 1233 Ludov.
501 1151 598 1232 Beck
623 1150 839 1245 officialem,
871 1154 1100 1237 Colonienits
1170 1226 1173 1231 ,

66 1269 206 1367 Georg.
232 1265 325 1346 Heu.
366 1267 411 1343 de
441 1259 662 1364 Tautphaeus
691 1257 812 1343 coniri.
844 1263 908 1343 int.
943 1269 1099 1371 archiep.

67 1376 342 1478 salisburgensis
364 1379 415 1456 lo.
433 1373 546 1455 Mich.
567 1375 754 1456 Boenicke
770 1376 892 1456 coniri.
912 1378 1102 1460 conditor.

66 1498 129 1593 qui
154 1497 223 1569 iam
249 1517 325 1568 non
352 1495 389 1567 in
417 1514 493 1577 eo.
524 1491 624 1590 quod
651 1492 849 1588 agebatne,
879 1487 940 1566 fier
967 1493 1103 1570 haaren-

66 1603 154 1680 dum
179 1600 454 1686 existimarunt.
481 1617 517 1679 et
540 1596 769 1702 imperatoris
793 1616 830 1678 et
850 1596 1100 1702 metropolita·

66 1734 145 1792 rum
167 1713 262 1792 abuii
282 1715 512 1800 andoritate,
544 1737 672 1790 amires
696 1713 925 1812 pretergreifi
955 1715 1101 1806 limites,

65 1845 185 1904 totum
216 1849 307 1927 pene
335 1852 353 1900 a
386 1824 469 1902 Deo
498 1827 534 1898 in
564 1826 651 1901 statu
676 1825 898 1903 hierarchica
926 1826 1103 1906 constitu·

67 1953 170 2025 tum,
188 1955 295 2037 atque
320 1938 403 2012 inde
419 1962 438 2012 a
452 1936 484 2012 S.
503 1934 691 2014 Bonifatio
711 1934 915 2015 Germania
935 1932 1105 2037 apostolo

67 2052 242 2128 servarum
262 2050 356 2150 apud
374 2072 440 2124 noa
455 2046 648 2134 ordinem,
676 2045 801 2148 susque
831 2048 949 2152 deque
974 2047 1105 2129 habere

69 2162 352 2262 praesumserunt.
413 2156 459 2237 Hi
484 2161 596 2258 igitur
629 2158 919 2260 praei'etuletudt.
949 2164 1105 2240 tedintm

68 2299 211 2372 grarea
238 2275 382 2351 Christo
409 2268 527 2348 datam
553 2273 727 2371 episcopis
749 2275 979 2373 potestatem,
1024 2289 1105 2374 quat

70 2405 349 2486 quantacunque
361 2385 409 2461 eii
425 2386 583 2481 (nequa,
607 2385 716 2462 muita
731 2386 767 2462 in
779 2386 936 2479 coneilio
950 2386 1106 2465 Triden-

72 2505 151 2572 tino
165 2499 246 2572 iieia
264 2496 551 2596 conquisitione.
574 2496 663 2572 nihii
680 2499 898 2574 articulatius
917 2494 1106 2577 definitum

69 2605 147 2696 eii)
170 2614 327 2708 iptorum
354 2609 610 2705 episcoporum
633 2607 792 2704 persona
813 2610 971 2686 inhaeret.
1002 2611 1108 2704 Qua.

67 2739 107 2795 re
135 2726 316 2793 immerito
348 2739 553 2814 anonymus
581 2716 658 2802 iiie,
710 2722 772 2816 qui
805 2722 985 2816 praeterito
1008 2734 1107 2797 annu

68 2835 104 2907 iu
129 2831 328 2930 Spirentem
350 2828 558 2927 episcopum
577 2827 755 2904 calamum
781 2828 943 2917 strinxit,
976 2834 1106 2908 irreve-

69 2961 188 3019 renter
209 2946 315 3018 etiam
345 2938 463 3040 passim
492 2960 566 3015 non
596 2939 711 3015 solum
742 2936 931 3017 Romanos
962 2934 1109 3041 pontifi-

70 3075 154 3141 ees,
187 3074 311 3131 verunt
346 3057 452 3128 etiarn
483 3052 595 3151 ipsum
621 3048 881 3128 Tridentinum
908 3052 1106 3129 concilium

73 3168 298 3268 perstringit.
343 3169 379 3240 in
401 3189 447 3238 eo
469 3169 595 3250 etiam,
640 3164 739 3264 quod
768 3160 892 3260 iegatir
918 3164 1108 3265 episcopo·

73 3304 152 3356 rum
175 3285 209 3354 in
239 3281 399 3355 concilio
428 3270 649 3354 Tridentino
678 3269 887 3374 suffragium
907 3299 982 3353 non
1000 3277 1110 3354 fuerit
1228 3270 1237 3283 ”

74 3389 293 3467 conceiiom.
356 3390 394 3465 id
423 3406 540 3464 tamen
561 3391 604 3464 ab
625 3410 814 3488 anonymo
834 3388 926 3476 hoc,
955 3409 1041 3466 cum
1063 3403 1111 3467 eit

76 3522 204 3581 tenure
225 3498 408 3576 definitivo
432 3502 705 3584 sententiarum,
736 3520 810 3600 quo
833 3515 986 3578 utuntur
1007 3520 1111 3579 come

75 3610 216 3692 nariiarii
257 3607 459 3698 nutrientes,
507 3615 728 3689 contrarium
767 3604 938 3721 potuiiiet
974 3606 1108 3704 videti,
1237 3617 1239 3621 ⁴

76 3739 259 3827 gratanter
276 3728 491 3822 accipimus,
513 3726 612 3825 quud
624 3726 661 3801 in
679 3723 889 3823 praefatione
909 3723 1115 3825 profitetur.

80 3835 222 3918 nullum
248 3853 292 3917 ex
314 3860 443 3913 eurum
463 3833 712 3915 aiiertiunibua
730 3829 1117 3939 (pofitionibutnem
