2506 4958
222 233 375 310 regnum
394 150 526 304 ebrini
542 214 583 292 iu
604 205 727 293 terris.
744 238 774 294 c.
798 210 915 296 XLV.
1017 162 1116 313 137¹

21 373 278 464 sanimarum.
298 393 358 454 aut
381 379 487 453 etiam
511 400 663 455 munere
672 376 875 477 apostolico
892 377 1100 458 miffionum

55 491 153 588 apud
173 485 293 565 fideles
326 489 385 564 vel
411 488 571 566 infideles
589 492 763 568 nationes.
824 489 925 568 Male
952 514 1039 568 reto
1058 489 1101 568 ti.

55 603 95 677 bi
115 601 281 677 constant
308 601 559 698 punctatores,
589 601 730 701 suisque
754 602 948 681 consulunt
969 603 1103 680 hierar·

57 713 147 798 cbis,
163 716 321 813 aquibus
341 711 422 790 suut
438 714 631 812 deputatis
645 715 734 793 dum
762 738 820 791 eas
846 720 1101 815 exemptiones
1125 770 1129 776 -

54 826 237 926 probant,
282 847 363 928 quae
395 848 459 924 per
490 825 590 925 leges
617 825 819 927 imperiales
848 825 1099 906 autlotameu-

57 953 137 1014 tum
163 937 318 1022 babent,
363 937 499 1014 reietiis
528 936 620 1023 illis.
661 962 741 1039 quae
766 936 961 1036 alegitima
986 939 1100 1018 ecule-

57 1047 187 1126 saastica
208 1051 382 1147 potestate
404 1049 484 1125 sunt
505 1049 737 1137 constituta,
774 1048 926 1151 ipsoque
955 1048 1099 1130 summo

57 1160 261 1262 pontifice,
308 1163 367 1239 cui
390 1177 560 1262 tanquam
590 1163 736 1262 primati
757 1158 919 1240 Ecclefiae
949 1168 1100 1240 canoni-

57 1297 137 1350 cam
160 1274 402 1349 obedientiam
424 1297 500 1351 non
524 1276 701 1351 abnuunt.
762 1271 807 1352 Et
824 1270 1004 1375 fiquidem'
1026 1275 1101 1354 hoc
1199 1272 1202 1277 ’

57 1387 101 1462 ad
129 1385 340 1465 conciliatos
371 1408 530 1462 canones
558 1386 806 1485 restringunt,
861 1387 988 1485 praesto
1017 1387 1100 1485 lunt

57 1504 163 1573 etiam
176 1496 329 1573 concilia
342 1498 542 1596 generalia,
555 1495 802 1575 Lateranenlia
818 1495 1099 1578 subAlexandro

57 1607 120 1685 Ill.
149 1623 185 1685 et
203 1608 424 1687 lnnocentio
446 1608 507 1687 lll.
538 1607 805 1708 Lugdunense.
829 1608 1034 1689 Vienneole
1059 1634 1102 1691 ac

59 1718 344 1805 Tridentinum,
374 1724 564 1820 inquibus
587 1745 663 1797 non
682 1721 798 1796 solum
824 1719 986 1818 legitime
1010 1747 1103 1801 cou-

59 1832 188 1909 llitutae
212 1832 294 1909 lunt
314 1834 589 1930 exemptiones,
621 1855 747 1907 verum
776 1835 882 1908 etiam
907 1835 973 1908 rite
994 1835 1101 1910 ordi.
1168 1885 1170 1888 >

61 1960 176 2029 natae,
220 1944 549 2042 communionique
575 1943 757 2041 potestatis
787 1940 1023 2021 ecclefialiicae
1045 1948 1102 2022 in.

57 2073 114 2132 ter
140 2054 300 2129 summos
328 2051 488 2130 Eccleliae
514 2054 693 2153 pastores,
721 2050 933 2154 pontificem
954 2073 990 2133 et
1024 2056 1102 2156 epi.

59 2166 214 2266 scopos,
233 2164 471 2248 conformatas
496 2168 532 2242 in
553 2165 714 2244 concilio
734 2165 927 2266 praesertim
944 2164 1102 2245 Triden-

58 2282 157 2356 tino:
189 2281 325 2376 inquo
351 2281 495 2354 materia
522 2276 598 2356 haec
618 2277 662 2354 de
685 2278 984 2377 exemptionibus
1010 2303 1101 2378 ope·
1177 2318 1180 2322 Δ

58 2388 228 2466 rofillime
244 2388 1098 2492 fuitdisputata,atquediligentilfimedisculla.

58 2503 278 2602 tandemque
304 2503 350 2579 src
375 2503 524 2579 demum
554 2502 667 2581 decisa
697 2500 735 2590 o)
752 2518 792 2579 ut
819 2502 967 2585 sollicite
984 2502 1101 2581 abub-

57 2616 125 2690 bus
140 2616 334 2699 omnibus,
363 2617 426 2712 qui
446 2629 508 2690 aut
519 2614 759 2713 irrepserunt,
776 2628 837 2690 aut
856 2619 998 2691 evenire
1019 2615 1102 2715 pos·
1235 2710 1238 2715 ,

56 2726 160 2811 sent,
202 2723 396 2801 cautillime
423 2725 707 2826 prospiceretur,
752 2726 929 2823 imprimis
962 2728 1101 2803 iuribus

58 2838 340 2936 episcoporum,
373 2837 474 2936 quod
500 2859 623 2914 curam
641 2838 843 2911 animarum
868 2837 1023 2922 attinet,
1059 2860 1101 2914 ac

59 2962 189 3025 caetera
228 2947 441 3045 epilcopalia
483 2949 638 3035 munia,
688 2949 802 3030 tutius
843 2946 970 3029 relitlis
1000 2948 1103 3048 lupe.

57 3063 217 3138 rioribus
259 3059 481 3156 regularibus
512 3061 578 3145 iis,
625 3082 705 3161 quae
747 3058 792 3138 ad
838 3058 1101 3138 observantiam

35 3261 38 3267 ⁸
59 3171 263 3270 regularem
286 3170 460 3268 spectant,
488 3195 609 3249 earum
626 3194 746 3248 rerum
773 3173 889 3270 magis
907 3174 1028 3270 gnaris
1049 3186 1104 3248 at·

60 3309 132 3385 que
156 3288 261 3365 etiam
279 3280 463 3370 studiosrs,
485 3307 594 3384 quam
612 3283 789 3383 episcopis
812 3300 1020 3369 autentum
1038 3308 1105 3362 cu·

62 3400 146 3483 riis,
170 3408 264 3496 'quas
287 3393 408 3496 saepius
436 3419 630 3475 novercam
658 3394 739 3472 sunt
764 3401 932 3494 experti3
978 3419 1045 3472 nec
1064 3398 1102 3480 in

62 3504 143 3603 iplrs
181 3507 318 3606 semper
355 3507 536 3607 episcopis
576 3523 766 3607 paternum
805 3508 884 3584 latis
920 3506 1099 3586 affetlum.

61 3617 149 3702 Vid.
173 3615 247 3703 Tit.
272 3617 453 3708 Decretal
480 3621 521 3701 de
548 3616 728 3721 excellbus
741 3617 987 3728 prolatorum.

575 3842 593 3924 l
621 3863 642 3940 ς
929 3842 1048 3951 Quod

103 4015 139 4093 a)
162 4009 231 4081 seu.
253 4010 289 4080 V.
312 4023 344 4078 et
362 4008 451 4082 xxt.
475 4013 514 4080 rla
535 4011 668 4086 Reform.
