2506 4958
272 248 422 324 regnum
441 221 573 317 curruz·
590 228 631 313 in
650 226 772 313 terris.
788 192 819 309 c
842 224 981 317 XLIK
1070 249 1148 325 107

107 387 276 467 notabilis
294 382 427 479 locus.'
451 388 539 468 dum
560 385 688 469 Petrus
713 389 760 467 de
787 388 910 469 Marta
935 388 982 469 ilc
1007 390 1149 489 praecise
1196 420 1200 427 ·

105 501 309 586 admodum
326 502 536 602 loquiturz,
536 501 765 594 ‚Secundum
778 503 989 587 sententiam
1007 526 1146 592 meam,

106 671 130 710 ,‚
159 616 401 713 omniumque
430 611 619 693 Gallorum
644 612 787 701 affero,
831 619 1054 716 precipuum
1076 619 1149 714 pri

106 784 131 822 „
159 749 337 827 mumque
379 724 551 809 libertatis
590 725 828 813 ecclesiasticae
866 727 1147 832 fundamentum
1231 742 1236 757 ’

105 895 130 935 ,,
160 837 257 938 apud
285 861 352 923 nos
372 832 465 925 elle,
507 852 548 913 ut
573 839 795 939 principatus
825 838 1031 938 apostolicae
1060 840 1149 918 sedis

108 950 287 1045 „locum
304 950 406 1040 sunm
430 951 621 1041 obtineat,
611 1005 644 1042 ,.‚
705 949 784 1055 Qui
804 952 860 1036 vel
881 976 945 1038 ea,
977 975 1057 1063 quae
1075 975 1150 1029 me

110 1064 356 1150 moravimus.
395 1064 572 1140 memoria
598 1060 747 1148 recolit,
790 1062 894 1148 facile
927 1063 1151 1147 animadver-

109 1189 182 1261 tet,
223 1150 361 1260 clerum
393 1176 568 1258 maiorem
589 1170 750 1252 Eccleiiae
777 1171 1010 1261 Gallicana
1001 1201 1036 1254 ιιι
1060 1200 1151 1253 con·

109 1307 239 1374 ventu.
275 1303 312 1365 et
334 1285 576 1371 declaratione
609 1288 683 1366 eius
710 1303 913 1369 conventus
937 1313 993 1372 an.
1034 1298 1152 1375 1682.

109 1399 319 1500 complures
356 1420 444 1481 vero
472 1420 519 1476 ex
547 1397 648 1477 clero
671 1400 841 1486 minore,
874 1403 1085 1501 cumprimis
1112 1403 1151 1478 in

109 1508 368 1595 controversiis
402 1507 666 1600 lanienisticis‚
703 1511 920 1624 cynosuram
954 1513 1049 1600 hanc
1077 1536 1152 1676 prae

111 1623 227 1708 oculis
248 1646 326 1706 non
354 1619 524 1711 habuille

190 1783 263 1862 Res
287 1796 408 1872 autem
435 1804 545 1902 quam
568 1778 706 1863 rerallt
728 1795 764 1859 et
785 1788 1029 1883 pragmatica,
1061 1785 1150 1866 huc·

111 1897 224 1996 usque
254 1898 368 1994 magis
392 1897 579 1994 magisque
596 1891 763 1993 perseniit
788 1894 903 1978 clerus
922 1895 1150 1986 Gallicanus,

113 2005 290 2110 praesenfit
309 2029 416 2094 veru,
443 2022 479 2084 et
495 2002 561 2085 alta
584 2027 708 2089 mente
724 2003 839 2111 repul
829 2020 921 2084 tum
941 2007 1064 2083 habuit
1080 2031 1155 2085 ma·

113 2144 208 2220 gnus
226 2114 439 2212 Bollnetus;
467 2116 582 2202 licet
572 2141 601 2202 rs
621 2139 697 2193 non
714 2116 828 2199 solum
847 2117 1025 2203 calamum
1050 2119 1152 2196 suunt

112 2226 365 2309 accomodalle
391 2230 532 2314 dicatur
556 2228 787 2313 declarationi
816 2254 872 2307 an.
905 2240 1019 2316 1682·
1056 2224 1153 2309 ¹inllu

111 2346 219 2442 regio
235 2341 354 2429 latia,
387 2364 513 2424 verum
537 2343 641 2424 etiam
663 2341 794 2427 eodem
816 2342 1027 2420 constrictus
1052 2367 1153 2419 man-

113 2457 199 2533 dato
217 2451 406 2538 volumina
427 2452 573 2555 quidem
599 2451 764 2552 implevit
787 2476 856 2554 pro
880 2459 957 2539 eius
980 2453 1156 2532 defenlio·
1198 2517 1200 2521 .

112 2593 179 2656 ne,
209 2566 275 2644 aie
297 2582 417 2645 tamen
441 2569 632 2665 impetrare
654 2591 733 2643 non
754 2569 895 2666 potuit,
928 2583 969 2646 ut
992 2566 1154 2667 publica·

112 2694 191 2766 ret,
222 2680 400 2756 continuo
428 2675 636 2762 tetradiam.
667 2677 756 2763 dum
784 2681 937 2766 viveret,
969 2703 1082 2779 opus,
1112 2680 1154 2756 li-

114 2796 202 2869 bros
246 2795 352 2866 etiam
389 2788 551 2867 eiusdem
578 2792 700 2888 operis
735 2792 899 2891 integros
935 2790 1157 2892 supprimere

117 2918 284 3007 paratus,
303 2899 443 2986 lubenti
467 2902 590 2977 animo
610 2900 771 2978 eiusdem
786 2901 1037 2991 declarationis
1047 2927 1158 2981 sevo.-

113 3019 326 3100 tationem.
358 3014 461 3110 regio
482 3012 655 3102 consensu
682 3012 840 3102 fatiam,
872 3012 1079 3114 suscipiens,
1111 3019 1159 3093 ita

117 3132 155 3206 in
185 3127 314 3229 praevia
351 3122 592 3200 dissertatione
626 3125 671 3202 ad
716 3123 870 3214 Galliam
909 3127 1158 3204 orthodoxam

116 3239 250 3342 (quod
277 3251 399 3315 tamen
432 3261 508 3313 non
530 3236 679 3336 perfecit
711 3235 834 3338 opus)
863 3237 1008 3326 effatus:
1057 3238 1159 3316 adeat

118 3376 203 3447 ergo
225 3347 448 3436 Declnrutio,
472 3372 538 3444 quo
552 3345 718 3448 libuerit3¹
746 3373 817 3427 non
837 3353 931 3432 enim
951 3373 1047 3437 eum,
1070 3350 1162 3447 quud

114 3461 530 3563 minitissimam,
568 3461 756 3543 tutandam
781 3462 840 3540 dic
857 3461 1091 3561 suscipimus:
1119 3464 1163 3541 li-

121 3591 181 3652 cet
200 3574 259 3649 hic
287 3577 393 3650 etiam
421 3571 612 3656 Gallorum
644 3588 761 3674 partes
793 3589 964 3661 tueatur,
1012 3577 1162 3678 eoquod

126 3685 289 3763 duilrina
313 3685 397 3771 illa,
423 3709 508 3762 cum
527 3684 805 3764 ultramontanis
834 3689 1088 3777 controversa,
1110 3712 1165 3767 re·

124 3800 280 3900 probata
303 3796 504 3874 aRomana
524 3795 604 3876 sede
624 3822 700 3875 non
719 3798 845 3885 fuerit,
864 3814 973 3901 atque
995 3801 1087 3879 adeo
1114 3805 1167 3903 ip·

127 3908 241 3990 fivisa
269 3905 310 3987 lit
333 3931 420 3990 cum
443 3908 753 4023 sedisapostolicae
769 3910 976 4003 defensione
992 3908 1059 3990 elie
1079 3937 1165 3991 eon-

999 4025 1118 4105 iuncta
