2506 4958
137 550 191 611 ia
398 462 406 470 ·
492 523 637 618 &cleia
664 524 825 608 militant

130 716 276 774 marom
304 691 474 769 varietate
490 690 659 769 distintlit
686 694 723 768 in
745 691 850 771 loelis
868 712 943 794 can
971 687 1036 772 Ill.
1067 688 1113 782 c)
1138 692 1178 773 dc

129 830 222 884 mox
246 806 292 882 de
325 805 414 904 Gog
447 806 481 880 &
514 802 660 904 Magog
691 803 877 882 saevilltmis
904 809 1108 904 gentibus,
1139 809 1177 884 &

128 922 261 997 itetum
279 917 414 992 eodem
439 916 525 994 loco
545 973 556 1001 ,
588 917 633 992 de
649 918 768 995 Sionis
787 914 887 1005 o)&
913 914 1177 1020 Hierosolymae

128 1054 193 1134 pet
234 1028 494 1105 inhabitantem
542 1025 703 1106 Melitam
738 1028 1042 1107 sanilificatione:
1090 1029 1177 1109 Haec

128 1143 269 1244 inquit,
303 1135 411 1216 Iudai
423 1196 434 1228 ,
470 1136 517 1227 En*
544 1134 653 1228 nollri
664 1197 674 1227 ,
705 1151 746 1216 ut
770 1138 926 1217 diximus
949 1137 1087 1238 quondo
1108 1159 1175 1240 pu·

128 1266 209 1334 tant
233 1246 407 1340 Christum
427 1248 674 1328 habitaturum
697 1256 739 1328 in
764 1252 869 1340 Sion,
901 1249 949 1339 id
967 1259 1006 1328 in
1034 1253 1175 1353 lerose.

127 1365 197 1446 lem
222 1385 330 1442 nureo
354 1374 458 1460 otque
474 1375 682 1460 gemmato,
704 1362 912 1465 fundorum
932 1359 1076 1462 populos
1091 1387 1176 1444 con.

18 1572 22 1579 Ι
120 1476 345 1580 erogandos:
377 1481 493 1572 utqui
510 1479 549 1551 t'n
575 1473 634 1561 islo
648 1474 766 1574 seculo
780 1475 921 1574 oppreffi
929 1476 1015 1574 sunt
1032 1476 1076 1556 ab
1092 1483 1174 1557 uni.

125 1589 233 1682 variis
254 1585 422 1688 gentious
462 1590 500 1664 in
530 1588 594 1666 hoc
614 1588 730 1663 eodem
750 1592 878 1666 curaliis
895 1594 1069 1688 imperent
1080 1612 1172 1688 gen.

123 1702 230 1783 tibus.
303 1701 420 1799 Igitur
448 1723 531 1778 cum
563 1699 708 1778 Christo
728 1704 764 1776 in
797 1705 900 1781 terris
927 1703 1067 1780 carnale
1097 1704 1171 1785 hoc

122 1817 205 1919 post
234 1812 528 1891 resurreilionem
559 1836 712 1911 regnum
730 1812 893 1892 loturum
915 1814 1168 1908 somniabant,

120 1928 168 2007 lic
194 1925 407 2024 accipiendo
428 1949 487 2012 ea,
519 1948 598 2025 qoae
614 1925 775 2003 Christus
800 1924 846 2003 de
869 1950 986 2026 regno
1013 1929 1171 2007 militan-

121 2044 167 2119 tis
188 2036 349 2117 Ecclesia
380 2035 495 2123 dicit,
526 2037 563 2112 δι
590 2036 623 2113 S.
662 2034 814 2114 loannes
844 2039 958 2139 Apoc.
985 2034 1080 2120 XX
1105 2062 1170 2119 ex·

118 2147 233 2256 prclse
260 2144 380 2228 fotura
400 2151 616 2248 praenuntlat
641 2140 723 2226 ante
745 2148 941 2229 adventum
967 2151 1101 2231 Chrllli
1123 2153 1168 2232 ad

18 2356 25 2369 ⁸
116 2263 320 2350 iudicium,
362 2261 446 2345 seu,
478 2275 518 2338 ut
545 2260 665 2361 polleo
697 2262 917 2351 videbimus,
949 2266 987 2340 io
1015 2266 1174 2345 resurre-

120 2376 240 2457 tiione
255 2379 388 2474 prima,
412 2374 635 2474 nuncusque
651 2370 1000 2454 adrelurteiiionem
1018 2382 1134 2456 carnis
1152 2435 1165 2469 ,

118 2488 270 2594 quando
298 2485 384 2562 fides
411 2510 478 2561 nos
493 2484 625 2571 docet,
653 2501 847 2564 venturum
868 2486 935 2567 elle
963 2487 1165 2581 Christum,

115 2600 273 2680 iudicare
291 2600 396 2676 vivos
415 2597 451 2672 δι
472 2614 664 2683 mortuos,
697 2599 733 2673 dc
755 2598 912 2678 seculum
930 2625 993 2702 per
1013 2603 1165 2703 ignem,

114 2734 278 2811 moxque
297 2714 407 2788 vitam
428 2722 595 2784 aetemam
615 2712 813 2788 secuturam
829 2715 865 2788 in
879 2713 992 2790 coelis:
1013 2715 1166 2814 exploso

115 2824 250 2924 duplici
273 2822 458 2908 adventu,
480 2842 591 2917 quem
611 2819 814 2909 Chiliallae,
846 2839 887 2901 ut
905 2826 1166 2906 demonstravit

117 2936 221 3036 sopra
247 2938 376 3010 citatus
393 2927 610 3021 Bolsuetus,
643 2947 769 3011 contra
798 2957 946 3012 omnem
970 2937 1162 3038 Scriptura

116 3048 225 3128 fldem
252 3047 402 3125 statuere
425 3048 585 3134 debent,
626 3044 801 3124 docentes
828 3047 914 3125 teste
943 3046 1158 3141 Philiallro,

116 3156 196 3239 ctam
213 3163 354 3237 venerit
386 3155 539 3246 Chrillus
565 3157 606 3234 de
636 3156 744 3245 coelo,
775 3159 867 3234 mille
882 3163 970 3237 onni
987 3161 1040 3237 illi
1055 3175 1161 3240 erunt

117 3277 249 3354 iterum
290 3271 389 3347 nolis
427 3268 621 3346 carnaliter
650 3269 698 3344 od
726 3271 946 3359 vivendum,
981 3296 1161 3370 generan-

15 3464 21 3487 ,
115 3388 222 3475 dum,
248 3384 334 3478 ficut
352 3382 400 3479 fit
418 3404 510 3458 nttnc
536 3381 574 3455 in
594 3371 658 3456 hoc
671 3376 787 3475 secuto
807 3384 980 3479 quotidie,
1007 3383 1159 3471 Ecclellt

5 3492 8 3497 ’
116 3506 289 3578 nimirum
320 3496 452 3575 Christi
479 3493 652 3570 militante
679 3495 717 3569 in
742 3498 855 3575 tertio.

115 3685 154 3768 a)
172 3684 236 3765 Ρη,
257 3699 327 3768 373.
413 3683 459 3764 d)
481 3680 527 3748 lle
548 3670 645 3746 hanel.
666 3699 691 3746 c
709 3697 756 3762 tt.
