2506 4958
216 242 366 319 regnum
388 216 517 312 Christi
534 223 576 300 in
592 222 713 344 timis.
730 238 759 301 c.
786 214 902 306 XLV.
1005 245 1078 319 ης

45 433 71 473 „
97 379 297 468 del'unite‘,
311 399 349 462 et
368 400 512 461 mereet
532 378 709 463 maitreffe
723 383 768 461 de
784 392 904 463 tontes
923 384 974 462 les
995 383 1085 484 e'gli·

49 549 73 586 „
104 495 164 572 les.
225 495 311 588 Que
336 496 364 570 la
383 497 545 572 doilrine
561 498 609 574 du
639 492 760 595 clerge'
776 496 821 572 de
835 495 992 584 mance,
1024 503 1083 576 l'ur

46 661 72 697 ‚,
101 620 185 682 tous
200 631 256 682 ces
285 608 420 704 objets,
442 605 639 706 confignle
654 607 741 684 dans
765 609 813 684 les
826 608 1081 698 declarations,
1100 621 1103 626 ’

49 773 73 809 „
102 735 139 792 et
160 717 380 815 expofitions
413 718 459 793 de
482 718 532 795 les
558 716 765 795 allemble'es
796 719 846 795 est
872 719 904 795 le
926 723 1082 798 desaveu

46 884 72 920 „
102 829 134 904 le
160 830 237 927 plus
260 829 413 916 formel,
455 829 541 930 qu’il
562 830 631 906 soit
651 829 821 929 pollible,
853 827 1084 931 d’oppol'eri

49 996 73 1031 ,‚
102 965 220 1027 ceux,
263 945 327 1040 qui
349 940 450 1017 olent
476 941 551 1018 sans
577 943 790 1019 fondement
817 947 1007 1042 s’appuyer
1036 943 1083 1021 de

45 1107 71 1143 „
101 1051 163 1127 lon
181 1051 336 1129 autorite'
351 1078 358 1128 :
375 1054 460 1151 qu’il
472 1052 651 1140 faudroit‚
672 1074 766 1153 pour
783 1058 858 1129 s’en
881 1054 1081 1153 privaloir.

46 1215 72 1254 „
101 1168 192 1238 tenir
209 1165 240 1239 le
261 1165 380 1241 mime
400 1164 552 1264 langage
566 1189 637 1266 que
656 1164 726 1252 lui,
750 1161 887 1263 d’apris
906 1164 936 1242 la
950 1165 1083 1243 dollri·

48 1330 72 1367 ‚‚
103 1296 164 1366 nes
203 1279 264 1352 des
291 1272 392 1354 Peles
419 1291 455 1353 et
487 1276 548 1355 des
580 1280 723 1354 anciens
748 1298 911 1364 canons,
953 1293 1082 1381 etque

46 1441 70 1476 „
101 1409 194 1487 pour
213 1391 297 1464 tirer
313 1405 484 1486 avantage
498 1389 545 1465 du
561 1385 689 1467 silence
705 1389 749 1466 de
763 1385 899 1488 l’Eglile
914 1389 958 1466 de
974 1385 1085 1468 Fran·

44 1551 70 1588 „
100 1524 162 1586 ce,
194 1497 217 1574 il
234 1501 474 1603 faudroitque
489 1501 672 1602 l'ouvrage
697 1501 743 1579 de
766 1497 964 1579 Febronlus
983 1526 1005 1603 y
1025 1501 1082 1579 fut

48 1664 73 1700 „
103 1607 193 1687 allez
210 1637 335 1691 connu
373 1627 410 1688 et
437 1613 596 1713 repandu
624 1633 720 1713 pour
748 1615 848 1688 avoir
878 1611 1005 1690 me'rite‘
1035 1614 1081 1690 de

46 1775 71 1811 ‚,
101 1721 190 1799 fixer
216 1725 279 1801 lon
309 1726 487 1800 attention
507 1778 539 1815 „.
598 1720 682 1801 Fuit
708 1721 854 1824 quidem
881 1719 1081 1801 Febmnius

49 1834 87 1908 in
119 1830 291 1912 Gallicam
327 1835 485 1932 linguam
513 1832 706 1910 conversus
744 1831 949 1931 ateligioso
974 1833 1082 1911 exule

45 1959 83 2020 et
107 1961 253 2023 extorre
279 1946 377 2021 aluo
403 1944 551 2031 ordine,
573 1943 629 2020 sed
656 1946 692 2021 in
714 1942 926 2033 Germania,
959 1946 1018 2021 ubi
1039 1946 1084 2022 ab

45 2054 224 2156 episcopis
255 2056 398 2157 publice
418 2055 486 2132 luit
504 2053 745 2156 proscriptus,
778 2053 1012 2132 nihilominus
1032 2070 1083 2131 ta·

48 2184 133 2244 men
170 2189 246 2245 non
274 2164 346 2245 fine
370 2167 505 2245 damno
535 2164 676 2267 serpens
710 2187 753 2246 ac
783 2166 944 2266 periculo
984 2165 1082 2267 apud

49 2295 245 2383 utrumque
264 2281 388 2357 statum
409 2277 678 2358 ecclefiallicum
696 2296 732 2357 et
752 2274 960 2381 politicum,
992 2280 1080 2355 dum

54 2395 91 2468 in
125 2396 188 2469 luo
225 2415 336 2492 opere
369 2384 573 2470 Febronius
594 2392 627 2468 se
657 2396 730 2488 (ut
758 2409 916 2492 repetam
929 2384 946 2475 ,’
980 2389 1083 2493 quod

52 2504 124 2600 ipse
152 2504 214 2580 fibi
241 2508 276 2579 in
311 2505 432 2582 fronte
468 2505 544 2581 libri
574 2505 683 2583 veluti
721 2502 841 2581 Saulus
877 2499 988 2581 adbuc
1004 2501 1083 2601 spi·

48 2638 135 2690 rans
151 2619 330 2691 minarum
365 2615 530 2716 usurpat,
545 2613 562 2703 )
603 2615 795 2695 audacem.
828 2615 957 2692 sae'vum
974 2628 1009 2691 et
1026 2636 1082 2691 ar·

52 2746 243 2823 rogantem
263 2727 433 2812 ostentat,
461 2727 658 2824 legitimam
683 2718 946 2802 ecclesiasticam
974 2741 1082 2826 pote-
1181 2773 1185 2781 ·

52 2839 174 2914 statem
195 2832 313 2913 secum
345 2839 381 2912 in
403 2836 549 2914 summis
575 2826 736 2913 Ecclesiae
760 2831 956 2935 palloribus
979 2861 1082 2913 com·

52 2949 260 3036 mittendo,
301 2969 450 3049 eamque
475 2948 642 3026 violentis
671 2948 894 3047 exponendo
917 2950 1082 3026 manibus

51 3063 271 3139 summarum
298 3062 541 3160 potestatum:
571 3059 659 3136 nihil
680 3060 833 3145 veritus,
857 3059 972 3159 palam
991 3058 1085 3137 lum·

53 3198 116 3251 mo
146 3173 310 3273 pontifici
334 3170 430 3274 quali
455 3175 492 3248 in
523 3170 649 3248 faciem
673 3169 833 3258 edicere,
861 3172 895 3249 se
908 3173 952 3250 de
975 3172 1082 3250 huius

52 3290 226 3385 primatus
254 3289 330 3387 iure*
363 3285 509 3362 traliare
543 3280 808 3385 praelumplllle,
849 3285 1098 3384 eiusdemque*

52 3399 229 3475 terminos
253 3387 430 3473 delimare
449 3392 672 3494 a'ggreffum,
700 3393 797 3470 ultra
811 3417 894 3489 quos
913 3393 1086 3494 quidquid

47 3506 264 3608 suscipitur,
307 3509 435 3607 sanila
464 3504 583 3596 nolim
614 3502 783 3603 religioni
808 3511 994 3606 exitiosum
1020 3504 1084 3609 effe

54 3619 275 3713 intelligitur.
334 3619 528 3699 Enimvero
558 3590 694 3694 liorum
728 3617 761 3693 le
789 3642 944 3696 numero
972 3619 1084 3698 felici·

56 3748 111 3808 ter
141 3732 343 3828 expedivit.
373 3734 580 3831 perlomtus
604 3728 828 3815 Febronius,
867 3732 1084 3810 reverendis-

56 3842 164 3920 simus
184 3841 440 3923 Honthemius.
482 3841 517 3922 le
541 3840 629 3922 dum
645 3839 777 3920 larvam
798 3841 899 3925 suam
919 3845 1090 3947 deposuit

847 4021 848 4025 ’
980 4017 1033 4074 tt·
