2506 4958
219 227 372 307 regnum
393 200 522 297 Christi
541 205 767 286 rarenter.
795 199 939 285 XLIII.
1043 224 1061 302 i
1067 229 1091 298 9
1115 269 1123 301 κ

55 367 248 472 rersraeqoe
268 394 351 449 curn
364 366 667 456 Protellantibus,
689 367 797 446 fidem
817 383 1098 479 concernentes,-

57 485 170 584 ulque
192 483 235 559 ad
252 484 463 582 proximum
489 481 686 560 concilium
721 486 814 559 intra
836 505 973 559 anuum
1003 482 1099 560 indi-

57 599 216 676 cendum
241 592 351 672 ellent
371 597 407 670 in
434 592 612 694 suspenso.

144 758 287 856 Agitata
313 755 483 855 deinceps
513 755 610 833 ultro
638 757 805 856 citroque
833 754 878 832 de
901 755 1098 833 indicendo

59 871 221 948 concilio
249 867 433 956 confilia3
484 865 541 943 sed
575 867 663 945 durn
704 893 724 943 a
756 871 913 944 comitiis
941 867 1098 968 Spirens,

57 973 259 1060 concilium
300 982 369 1055 iarn
405 977 618 1079 apontifice
658 979 831 1056 inditium
872 1003 949 1055 non
983 979 1096 1057 visum
1222 1078 1229 1088 ,

59 1096 130 1171 fuir
160 1090 228 1169 elle
251 1090 551 1192 prestolandum,
582 1091 748 1172 tractatus
773 1115 860 1167 vero
880 1094 924 1168 de
950 1090 1101 1192 religio·

60 1231 108 1283 ne
128 1208 264 1303 priores
287 1211 323 1279 in
346 1207 504 1280 comitiis
527 1202 571 1279 ad
599 1202 706 1280 finem
736 1203 896 1287 eiusdem
922 1207 1007 1280 anni
1037 1203 1100 1280 ha·

60 1318 188 1394 bendis
216 1313 483 1395 reallumendos
512 1312 708 1412 (concella
736 1317 883 1393 statibus
911 1317 1100 1418 utriusque
1227 1324 1235 1332 '

62 1432 171 1530 partis
196 1428 361 1505 libertate
385 1485 395 1515 ,
449 1427 645 1505 formulam
678 1427 916 1505 reformandae
946 1426 1028 1505 fidei
1055 1428 1101 1506 ad

62 1539 339 1619 consultandum
358 1536 622 1639 proponendi)
649 1564 735 1639 pace
756 1545 901 1618 interim
919 1536 1100 1639 Religiosa

64 1669 284 1753 prorogata,
314 1651 486 1752 fiquidem
508 1654 697 1729 conveniri
720 1676 796 1728 non
822 1650 958 1752 pollet,
988 1652 1102 1755 usque

63 1766 107 1840 ad
145 1764 312 1863 generale
331 1764 387 1838 vel
407 1763 587 1838 nationale
618 1762 840 1850 concilium,
869 1765 1102 1842 obnitebatur

64 1877 211 1977 quidem
236 1874 403 1970 pontifex
424 1928 434 1958 ,
467 1872 524 1948 led
549 1871 705 1972 frustra,
736 1873 833 1972 apud
854 1871 1029 1949 Catulum
1051 1872 1099 1953 V.

66 2013 112 2063 ne
136 1985 267 2062 dillidia
296 1984 484 2082 religionis
516 1985 554 2059 in
583 2001 769 2061 conventu
804 1982 974 2060 nationali
1000 2008 1103 2062 corn-

66 2108 303 2197 ponerentur.
341 2095 418 2191 Qui
439 2097 564 2184 etiam,
593 2118 677 2173 curn
698 2096 743 2172 de
763 2096 926 2173 concilio
948 2094 1104 2175 Triden-

65 2213 146 2285 tino
169 2206 371 2285 Bononiam
389 2207 639 2286 ttansferendo
658 2226 847 2310 ageretur,
880 2208 1000 2286 donec
1019 2208 1104 2288 Tri·

67 2322 218 2397 dentunr
253 2319 439 2399 sedulium
464 2316 575 2408 ellet,
620 2319 800 2397 famosum
837 2319 924 2398 illud
950 2318 1103 2400 Interr'm
1220 2337 1223 2344 “

64 2458 121 2511 au.
143 2443 256 2535 1548.
277 2434 452 2533 protulit,
474 2430 756 2511 Protellantibus
777 2449 814 2510 et
844 2433 1031 2512 catholicis
1048 2439 1103 2514 in·
1192 2432 1199 2455 ’“

66 2544 217 2630 viluna,
277 2560 313 2623 et
347 2543 410 2645 ipfi
444 2545 712 2645 componenda
747 2550 796 2622 rei
831 2560 904 2623 tarn
941 2547 1101 2628 studioso

66 2653 344 2740 lllelanchtoni,
374 2672 416 2732 ut
443 2670 563 2733 tamen
587 2659 679 2730 inter
695 2654 777 2732 fidei
794 2657 990 2755 dogmata,
1020 2664 1105 2737 ari·
1134 2697 1138 2704 ·

66 2769 163 2844 tibus
195 2779 231 2841 et
255 2765 460 2863 adiaphoris
494 2766 769 2863 distinguenda,
799 2767 981 2846 liberalior
1009 2767 1103 2850 ellet.

68 2878 155 2971 Qua
183 2879 218 2952 in
243 2900 281 2953 re
307 2879 343 2951 in
367 2893 558 2979 utramque
590 2881 743 2977 impegit
770 2893 930 2978 partem:
962 2896 1106 2958 natum-

65 3016 142 3094 que
168 2987 252 3066 inde
287 2989 337 3064 est
375 3007 556 3068 certamen
595 2987 705 3076 illud,
736 2994 830 3066 inter
864 2991 1105 3072 Protestantes

65 3100 384 3201 adiaphoristicuur
400 3103 637 3203 appellatum.
662 3101 792 3179 Matth.
808 3100 948 3182 Flaccio
969 3106 1005 3180 in
1023 3102 1106 3183 Me·

66 3215 303 3296 lanchtonenr
343 3214 580 3314 insurgente3
637 3215 879 3315 reietlunrque
906 3219 945 3296 iu
975 3241 1103 3295 eorum

68 3328 311 3407 conventibus
333 3327 459 3412 habitis
484 3326 663 3414 Interim,
708 3331 814 3403 etiam
838 3328 941 3428 quud
968 3343 1106 3430 tempe·
1149 3350 1158 3419 j

70 3453 276 3517 ramentum
303 3440 475 3545 attinebat
508 3439 595 3516 illud
626 3439 747 3540 quoad
774 3440 976 3540 adiaphota.
1036 3440 1107 3520 Ca·

70 3550 215 3630 tholicis
245 3552 493 3652 principibus.
525 3576 609 3629 curn
633 3576 651 3627 a
672 3550 809 3630 Catulo
827 3551 873 3628 V.
911 3548 1107 3652 imperato·
1219 3568 1225 3581 '

70 3689 109 3740 re
129 3667 163 3738 in
182 3662 341 3739 cannitiis
363 3666 503 3763 imperii
523 3678 816 3764 proponeretur,
836 3664 1019 3765 displicere
1044 3666 1107 3743 de·

70 3775 125 3853 fiit
150 3774 329 3860 libelluo,
376 3774 476 3874 quod
511 3774 575 3851 fibi
612 3779 648 3851 in
681 3779 841 3852 animum
872 3776 1104 3865 inducerent,
1234 3770 1240 3782 ’

72 3903 232 3968 urentem
262 3884 486 3965 caetarisnon
516 3885 604 3979 elle,
634 3887 835 3992 quidquam
862 3890 957 3968 iuter
983 3888 1109 3966 catho-

961 3999 1053 4079 licus
