2506 4958
253 178 257 185 ἱ
292 154 443 305 ragnum
475 201 606 296 aaran
630 206 670 283 in
683 207 803 286 terris.
823 230 851 285 r.
869 204 950 287 XL
1090 228 1137 300 η

103 366 229 447 seculo
243 373 421 466 contigit,
438 368 748 472 necessitatemque
761 366 954 448 coercendi
965 368 1146 448 licentiam

105 482 291 581 imposuit.
350 480 401 561 Ut
437 482 502 559 sec.
527 480 574 559 V.
607 485 643 559 in
674 482 792 560 Africa
830 503 957 560 contra
978 472 1147 561 Circum·

105 594 278 672 cessiones
314 595 382 670 fuit
415 593 575 682 fassum,
617 596 843 695 approbante
885 615 971 671 cunr
1001 592 1146 675 eocsesra

107 705 273 785 Africana
291 705 325 783 S.
347 706 578 804 Augustino,
608 702 649 793 a)
669 707 778 785 veluti
799 705 917 783 secuso
948 705 1020 785 boc
1035 703 1141 786 Xlll.

109 815 311 896 S.Tboma
357 818 545 918 Aquinate.
600 817 674 919 ,Ut
710 840 824 919 porro
863 816 1071 916 Albigenses
1109 831 1148 897 et

107 928 329 1006 Waldenses
352 932 388 1005 in
414 930 486 1007 hoc
507 928 710 1007 rebellionis
728 929 852 1029 spiritu
869 930 1144 1030 conspirarunt,
1232 996 1235 1001 .

107 1040 158 1118 illi
186 1056 306 1117 tamen
344 1041 456 1141 longe
486 1042 682 1119 deteriores
706 1058 835 1130 erant,
860 1039 994 1140 pelsrmi
1017 1042 1149 1121 scilicet

107 1150 330 1238 Manicbai,
373 1168 501 1231 contra
530 1176 629 1255 quos
661 1155 825 1255 oprimis
854 1150 1017 1232 Ecclesia
1048 1154 1148 1233 secu·
1185 1247 1189 1257 Δ

107 1265 153 1340 lis
177 1262 384 1343 severissime
407 1289 516 1363 poena
537 1270 644 1343 etiarn
669 1269 801 1343 mortis
820 1264 890 1344 fuit
919 1267 1148 1343 animadver·
1179 1282 1182 1287 '

107 1374 198 1453 sum„
256 1374 344 1454 Haec
371 1378 509 1479 aliaque
533 1376 598 1457 sec.
617 1375 724 1457 Xlll.
753 1376 949 1467 lraeresum,
980 1376 1149 1478 supersti-
1184 1386 1187 1392 '

107 1490 255 1565 tionum
273 1504 308 1565 et
326 1487 591 1588 sacrilegiorum
612 1491 771 1567 monstra
782 1491 1040 1577 abominanda,
1059 1490 1148 1569 hor-

110 1599 267 1676 rendum
288 1602 337 1678 est
358 1602 480 1689 daila,
511 1625 592 1703 quar
615 1606 652 1677 in
682 1601 750 1681 suis
778 1603 962 1680 oodurnis
983 1626 1148 1679 conven-

110 1712 233 1789 ticulis
262 1713 446 1811 spurcitias
479 1716 735 1800 exercuerint,
766 1712 934 1814 sacraque
961 1714 1150 1793 christiana
1176 1764 1180 1773 ·

111 1824 338 1924 profanarint
370 1842 479 1921 atque
498 1824 748 1919 prostituerint
778 1823 992 1925 pudendum
1008 1827 1044 1901 in
1068 1848 1151 1903 mo··

110 1936 234 2022 duan,
282 1952 321 2013 ut
347 1936 443 2035 apud
471 1933 698 2034 Raynasduus
727 1935 771 2010 ad
794 1957 854 2012 an.
879 1938 995 2028 1204
1024 1960 1059 2011 n.
1086 1957 1148 2026 59.

112 2047 210 2147 seqq.
231 2047 353 2144 legere
378 2047 437 2123 esl.
495 2046 595 2140 Qua
614 2068 698 2123 cum
716 2049 765 2122 ita
781 2042 869 2135 fint,
899 2050 980 2147 quis
1000 2070 1076 2125 non
1098 2051 1151 2125 vi·
1232 2132 1239 2151 Ι

113 2160 219 2245 dest,
252 2159 461 2237 huiusmodi
483 2158 655 2236 scelerum
679 2172 871 2259 portenta,
902 2182 982 2261 quae
1003 2160 1048 2236 ad
1065 2182 1151 2237 onr-

112 2278 169 2348 nis
192 2273 424 2348 humanitatis
456 2268 711 2360 eversionem,
748 2274 880 2351 necin
913 2265 1151 2351 ecclefiaslicae

114 2402 255 2462 tantum
288 2383 343 2460 sed
382 2386 488 2461 etiarn
525 2385 683 2485 politicae
719 2383 925 2484 reipublicae
957 2385 1153 2463 tendebant
1229 2470 1233 2477 ,

116 2499 336 2599 perniciem,
367 2499 555 2595 utriusque
581 2495 795 2583 vindidam,
824 2496 965 2575 collatis
995 2501 1088 2572 inter
1117 2495 1153 2574 se

115 2617 265 2706 operis,
296 2605 553 2708 expostulasse,
589 2620 629 2684 ut
647 2631 715 2706 pro
735 2612 952 2685 enormitate
981 2608 1154 2707 supplicia

115 2720 335 2798 adderentur
359 2718 515 2797 censura
540 2716 775 2795 ecclesrallicae
794 2718 853 2796 seu
887 2721 1008 2818 poenis
1042 2742 1153 2797 cano·

116 2836 226 2911 uicis:
260 2856 338 2932 quae
367 2829 433 2906 illis
454 2830 680 2931 temporibus
705 2852 775 2929 pro
798 2833 940 2908 ratione
964 2833 1154 2927 poeniten·

116 2949 176 3022 tiae
210 2945 361 3043 publica
387 2945 494 3019 etiam
531 2946 568 3019 in
600 2941 785 3043 disciplina
820 2939 1051 3040 flagellorum
1088 2941 1154 3022 sera

118 3058 330 3142 verberans,
359 3071 467 3155 atque
491 3053 691 3133 intrusione
718 3056 755 3131 in
780 3071 979 3156 perpetuos
1003 3074 1155 3155 quoque

117 3193 278 3246 carceres
298 3166 553 3255 consistebant,
589 3178 630 3243 us
655 3164 707 3242 isi
717 3158 863 3264 salvent
882 3170 1024 3243 animas
1043 3163 1153 3265 suar.
1247 3234 1252 3249 ,

115 3294 155 3357 at
178 3279 265 3356 nlius
282 3280 327 3357 de
342 3290 464 3356 cotos
492 3302 562 3356 nors
589 3290 839 3377 corrumpant,
866 3304 950 3380 quae
978 3277 1061 3356 suat
1080 3280 1153 3355 iaus

119 3393 269 3470 sauaatae
293 3392 417 3495 synodi
439 3388 716 3471 Tarraconensis
743 3391 873 3479 rerba,
916 3393 977 3469 ubi
1002 3389 1048 3465 de
1070 3411 1155 3490 per·

120 3523 236 3606 petuo
258 3529 398 3581 carcere
428 3507 533 3580 sexta
563 3506 731 3581 canonica
757 3500 918 3591 >institero
942 3504 991 3580 ess
1023 3500 1154 3581 sermo.

125 3618 242 3712 Quod
274 3633 394 3695 autem
431 3616 622 3695 hereticos
656 3622 695 3693 in
733 3639 856 3692 errore
883 3619 1083 3717 pertinaces
1101 3627 1158 3692 at-

124 3739 238 3816 tinet,
279 3728 529 3824 relinquantur
566 3731 673 3807 curie
689 3720 862 3829 sensuris
898 3727 1058 3815 iudicia,
1107 3744 1158 3803 ex
1236 3758 1249 3823 Q

123 3841 297 3920 sententia
325 3842 484 3921 dusdem
515 3842 671 3922 concilii
741 3831 788 3922 Et
812 3837 987 3944 liquidem
1004 3844 1160 3917 iracoa·

1015 3970 1104 4031 ren·
1237 3948 1252 3981 ''

166 4059 200 4144 a)
223 4080 249 4130 2.
272 4079 302 4129 a.
324 4052 430 4141 osan
456 4066 503 4127 tn
527 4064 636 4137 arta.
