2506 4958
207 175 370 324 regnum
403 215 535 313 cuitu·
563 223 603 298 iu
629 170 752 301 terrie.
781 237 810 300 e.
840 212 954 302 XIII.
1050 235 1101 315 69
1167 233 1171 247 '

50 412 120 469 mae
145 390 248 489 prius
276 387 326 463 ibi
356 384 617 463 male‘habitus
645 385 775 472 faerit,
807 400 844 471 et
868 386 1097 481 diffamatos.
1203 378 1206 383 ⁵

50 501 98 581 lic
125 502 250 579 tameo
280 499 313 576 se
348 500 614 576 consternatum
635 501 671 575 ia
693 498 852 598 prologo
874 499 1100 600 explanatio-

49 610 117 695 oio¹
130 618 168 691 ia
194 612 381 692 letemiam
398 611 611 710 prophetam
629 610 671 687 ad
691 616 864 689 nuncium
887 612 990 692 illam
1009 637 1101 691 coo.

49 728 227 812 testetur,
251 739 293 803 ut
318 722 409 802 nihil
428 723 525 803 aliud
556 719 674 802 diebus
695 745 736 799 ac
763 722 948 818 nutritus,
975 723 1042 816 nist
1057 726 1099 807 de

42 838 165 941 solute
184 838 342 923 omnium
358 831 396 925 a)
416 838 620 933 cogitaret:
643 834 739 922 dum,
760 838 880 922 addit,
896 837 1101 934 interspem

52 965 87 1031 et
117 948 390 1047 desperationem
408 945 580 1045 sollicitus
602 947 757 1045 pendeo,
788 947 1008 1046 aliorumque
1024 961 1109 1028 rua·'

52 1063 97 1143 lis
121 1086 177 1140 me
209 1060 339 1140 crucio.
410 1057 594 1156 Pallanum
622 1082 710 1137 vero
735 1056 957 1158 clarifflmum
985 1073 1103 1139 terra-

52 1200 138 1256 rum
167 1176 326 1251 omnium
358 1170 474 1248 lumen
500 1173 692 1249 extinltum
727 1168 798 1259 eil,
847 1174 918 1249 imo
950 1170 1105 1255 Romani

54 1289 203 1386 imperii
226 1296 431 1362 truncatum
454 1295 581 1381 caput,
624 1296 659 1360 et
678 1295 719 1360 ut
743 1286 865 1362 uarius
890 1285 1031 1374 dicam.
1061 1288 1103 1366 in

56 1423 130 1478 una
153 1395 242 1477 urle
268 1408 360 1475 tatus
391 1394 488 1474 orbis
514 1397 682 1483 interiit,
712 1394 873 1499 obmutui
885 1452 897 1484 .
927 1410 962 1474 at
986 1397 1105 1479 humi.

56 1511 169 1592 natus
177 1506 261 1608 sum
278 1510 349 1588 &a
406 1505 445 1600 b>
476 1507 520 1587 Et
533 1510 687 1586 exordio
706 1507 764 1587 lib.
783 1507 845 1589 Ill.
868 1507 997 1595 Ezech.
1013 1508 1107 1614 Quia
1133 1544 1138 1549 ·

57 1623 239 1710 modern,
270 1620 475 1708 exclamat,
507 1632 545 1696 ut
563 1624 671 1698 totius
695 1618 788 1699 orbis
815 1626 977 1700 extructa
995 1625 1107 1702 oido-

58 1740 130 1819 riis
161 1732 273 1811 Roma
300 1744 504 1819 corrueret,
550 1748 589 1811 ut
609 1729 683 1833 ipsa
703 1730 781 1832 suis
807 1732 947 1830 populis
971 1746 1005 1810 et
1030 1758 1106 1812 mu·

59 1845 249 1941 terleret.
279 1856 314 1925 et
329 1842 560 1942 sepulcrum?
590 1856 629 1920 ut
648 1857 723 1923 tota
741 1848 913 1934 orientis.
941 1845 1107 1944 AEgypti.

61 1957 196 2058 Africa
218 1955 344 2037 littora
371 1955 455 2034 olim
487 1956 731 2034 dominatricis
754 1953 875 2043 urbis,
912 1953 1109 2054 fervorum

61 2084 98 2151 et
135 2070 345 2149 oucilarum
380 2091 527 2147 numero
571 2065 827 2166 complerentur
866 2069 935 2147 &a
980 2066 1019 2159 a)
1037 2070 1109 2152 sed

63 2185 191 2287 postea
217 2185 253 2258 io
278 2205 354 2280 cap.
378 2179 460 2260 Vll.
484 2177 664 2259 Danielis:
692 2178 763 2258 Dei
794 2179 993 2270 iudicium,
1024 2180 1111 2264 scri·

65 2298 142 2381 bit,
172 2296 273 2373 uenit
284 2291 395 2392 super
420 2289 677 2371 humiliandam
697 2290 911 2392 superbiam.
971 2292 1112 2373 Idcirco
1206 2325 1213 2336 ·

66 2407 270 2492 Romanum
295 2401 464 2484 delebitur
489 2408 703 2502 imperium:
725 2411 815 2501 quia
832 2428 942 2485 cornu
961 2405 1115 2487 illudio.

67 2517 243 2621 qrrelotur
269 2517 438 2614 grandia.
499 2515 540 2594 Et
570 2517 670 2603 vidi,
724 2521 897 2618 quoniam
933 2519 1116 2603 interfetla

68 2631 154 2713 ellet
179 2631 306 2717 bestia.
337 2645 372 2707 et
397 2627 549 2729 petilllet
578 2652 711 2727 corpus
734 2635 821 2706 eius.
882 2629 924 2704 lu
950 2655 1018 2706 uuo
1044 2629 1115 2709 Ro·

71 2768 179 2824 anano
207 2743 355 2839 imperio
377 2752 522 2839 propter
549 2737 798 2826 Antichristum
824 2738 1116 2838 blasphemantem

70 2852 323 2949 omuia'ftmul
355 2877 466 2950 regua
509 2851 651 2929 delenda
671 2849 788 2947 suut:
837 2865 870 2927 et
898 2878 1116 2950 nequaquam

29 2977 44 2987 ‘
71 2983 257 3048 terrenum
281 2967 469 3062 imperium
493 2968 593 3050 erit,
622 2961 690 3062 scal
705 2960 910 3062 sauciorum
934 2965 1120 3065 conversa.
1150 3028 1156 3035 .

70 3085 152 3168 tio.
184 3091 218 3157 et
240 3078 410 3158 adventus
424 3075 498 3172 filii
521 3075 589 3152 Dei
612 3075 876 3174 triumphantis.
936 3075 1121 3160 Habemus

74 3195 137 3273 hic
171 3193 344 3285 bestiam3
383 3190 464 3267 alibi
497 3192 602 3265 etiam
627 3203 709 3268 ante
739 3192 877 3287 ruinam
901 3186 1122 3290 Babylonem

74 3304 290 3395 &notatio
310 3324 386 3401 capa
412 3298 562 3391 XXIV.
595 3299 700 3378 lsaiae:
734 3301 943 3387 Atteretur,
976 3303 1121 3402 inquit,
1228 3396 1231 3401 ,

77 3419 213 3499 ciuitas
241 3414 416 3493 vanitatis
454 3409 635 3507 Babylon,
688 3436 760 3506 qua
786 3410 884 3512 sedet
920 3416 958 3489 iu
991 3411 1127 3509 septem

77 3524 259 3609 mantibus
283 3536 514 3622 purpurata.
545 3523 641 3601 cuius
658 3520 834 3622 supplicia
861 3525 899 3597 iu
933 3522 1130 3622 Apocalypfi

78 3639 228 3728 loannis
256 3635 418 3742 agamua
472 3635 565 3717 aad.
588 3635 751 3717 eiusdem
788 3635 822 3714 S.
848 3633 959 3716 Patris
988 3635 1124 3718 Praefaa

567 3762 647 3858 E3
1038 3771 1077 3845 io

122 3988 161 4070 a)
183 3984 221 4052 Τ.
245 3983 299 4050 lll.
324 4003 354 4064 p.
379 3988 448 4063 ⁶⁹7·
513 3984 547 4062 l)
568 4003 598 4064 p.
625 3990 693 4066 746.
759 3984 791 4064 e)
811 3980 906 4064 aaa
935 4002 1024 4049 arona

149 4075 188 4155 tl)
209 4069 263 4137 lib.
286 4067 368 4135 titt.
390 4087 421 4149 p.
444 4084 514 4144 209.
