2506 4958
283 231 434 308 regnum
464 204 593 297 ebriat
617 211 658 285 in
684 212 806 289 terrie
828 233 857 291 c.
886 208 994 292 XVI.
1109 224 1161 314 89
1246 291 1249 299 .

111 370 259 476 pedibas
282 375 356 450 aur
381 366 518 470 ferreis
544 368 781 467 etfiililr'bnr,
811 385 846 451 et
868 376 1078 452 comminuit
1104 396 1161 452 ear

112 504 279 591 quartam
302 488 474 571 nimirum
499 483 746 562 monarchiam
769 484 828 565 seu
851 488 1019 574 bestiam.
1059 490 1162 564 terri·

111 603 247 684 bilem,
276 614 385 698 atque
405 593 603 672 mirabilem
628 614 665 674 et
681 595 818 674 fortem
843 601 973 686 nimis,
1005 604 1091 677 totis
1110 601 1162 677 ri·
1240 662 1242 666 .

111 715 213 790 ribus
236 710 304 786 sele
335 708 525 807 euangelio
558 705 689 791 Christi
716 725 992 808 opponentem.
1024 710 1159 812 fitque.
1226 708 1245 784 “.

111 839 155 903 ut
173 817 346 923 psalmista
371 815 411 907 u)
434 833 613 917 exoptans
643 818 822 917 Exsurgar
842 820 961 909 Deus,
992 822 1096 910 iniit.
1126 835 1162 900 rt

113 936 315 1031 dillipentur
330 933 471 1008 inimici
486 936 584 1017 eius,
614 944 649 1007 et
658 926 809 1031 fugiunt
827 936 890 1030 qui
911 933 1059 1012 adetum
1080 955 1160 1012 errrn

112 1045 257 1146 apiaria
275 1045 350 1122 eius
378 1044 447 1121 &c
479 1041 681 1131 Dominus,
722 1069 854 1146 nempe
884 1063 925 1124 ut
963 1048 1161 1147 provident

113 1161 216 1262 quod
237 1157 402 1235 futurum
420 1169 496 1233 erat
512 1160 724 1234 vaticinatur
744 1156 940 1256 psalmista,
970 1182 1003 1236 r.
1023 1179 1083 1236 aa.
1098 1157 1161 1237 da-

111 1269 166 1351 bit
232 1272 406 1348 virtutem
461 1266 789 1363 evangelizantibus
838 1272 979 1348 virtute
1036 1267 1160 1358 multu

112 1383 196 1464 llere·
216 1386 400 1459 virtutum
422 1375 538 1459 diletli
564 1378 710 1469 dilelli,
760 1403 855 1484 quoa
879 1385 1160 1482 interpretantur

112 1518 247 1594 reges,
278 1497 339 1594 qui
371 1489 517 1571 Christo
536 1515 672 1578 nomen
701 1494 848 1581 dantes,
887 1492 1017 1593 Jpeciei
1039 1493 1162 1573 matur

106 1605 174 1708 seu
198 1599 448 1703 pulcritudinis
478 1603 599 1681 damus
632 1621 673 1683 ut
714 1605 748 1682 S.
773 1602 931 1684 Hilarius
954 1606 1075 1707 legit,
1112 1604 1162 1687 ad

112 1720 289 1797 decorem
310 1714 493 1802 Ecclesia,
524 1714 677 1811 divisere
693 1711 838 1815 spolie:
871 1718 977 1806 dum,
1007 1741 1161 1819 nempe,

112 1828 284 1926 descernit
309 1825 440 1916 celellis
471 1849 570 1923 reges
583 1826 691 1927 snper
725 1852 829 1916 earn,
859 1827 982 1906 fidelea
1005 1829 1161 1920 scilicet.

112 1944 161 2022 ab
185 1940 413 2026 infidelibus,
457 1943 544 2019 uine
565 1934 823 2017 dealbabuntur
851 1943 891 2015 in
909 1939 1045 2018 &lmen
1061 1962 1163 2022 mont

113 2053 213 2141 Dei,
244 2075 342 2134 mons
355 2053 499 2149 pinguis
528 2052 598 2134 &a
629 2050 805 2152 utsupra.
864 2046 934 2137 Era
958 2075 1048 2131 tero
1071 2051 1163 2135 inira

112 2191 156 2249 ea
185 2164 233 2250 ad
259 2159 435 2266 egrelium
471 2162 729 2262 triumphalem
767 2184 813 2247 err
840 2159 1007 2270 AEgypto
1034 2188 1067 2244 r.
1095 2174 1162 2251 26.

113 2280 155 2362 in
186 2292 316 2360 terram
341 2271 545 2374 promillarn
573 2278 796 2375 pertineant:
825 2272 1004 2355 Viderunt
1026 2272 1164 2381 ingres·

104 2388 172 2497 sur
188 2402 264 2473 tuor
283 2386 404 2476 Deus,
434 2389 528 2479 rearis
547 2389 643 2473 mei.
674 2389 737 2484 qui
756 2383 801 2476 ell
826 2392 864 2467 in
874 2387 1007 2484 santio,
1066 2389 1163 2474 l'rae.

113 2507 292 2585 venerunt
316 2501 491 2596 principes
530 2500 705 2577 coniundlr'
739 2496 959 2597 psallentibus
974 2557 989 2595 ,-
1028 2500 1067 2579 in
1090 2522 1162 2578 me·

111 2614 173 2692 elio
192 2609 462 2698 iubencularum
481 2608 828 2705 tympanissriarum.
860 2612 971 2690 veluti
992 2616 1030 2691 in
1048 2629 1158 2717 typo,
1197 2661 1209 2684 ,

114 2726 163 2807 ad
199 2739 410 2825 antetypum
449 2741 569 2806 tameo
597 2722 779 2804 referenda
809 2721 920 2810 sunt,
962 2749 1042 2826 quae
1075 2749 1165 2804 mox

113 2836 340 2938 lequuntur:
371 2835 415 2917 ln
443 2834 583 2916 eccleris
606 2831 796 2913 benedicite
825 2832 976 2917 Domino
992 2835 1033 2911 de
1045 2831 1164 2937 fanti·

112 2947 179 3029 bus
211 2944 326 3047 lsrael
340 2969 356 3051 ,ἡ
384 2948 481 3046 unde
503 2949 674 3027 nimirum
703 2971 767 3044 per
791 2943 996 3034 Christum.
1028 2950 1090 3053 qui
1112 2944 1165 3032 fe.

113 3066 167 3148 cit
197 3075 350 3160 utraque
373 3082 517 3147 unum,
548 3060 673 3144 venit,
705 3060 806 3153 utin
835 3055 988 3141 ecclesiis
1016 3058 1165 3136 benedi·

115 3197 199 3252 cere
223 3171 390 3255 Domino
411 3167 591 3271 potamus.
651 3165 729 3258 lbi,
762 3168 943 3269 sequitur,
974 3169 1164 3257 Beniamin

115 3279 388 3381 adolescentulas
406 3287 446 3361 in
464 3285 590 3358 mentis
603 3278 743 3387 exceffu.
803 3281 920 3385 de
945 3282 990 3361 de
1008 3280 1056 3371 D.
1076 3281 1166 3369 Pau·

116 3396 145 3474 ii
163 3392 402 3479 conversione
416 3396 707 3493 interpretantur.
767 3390 853 3487 Qua
872 3394 917 3470 de
938 3418 975 3476 re
987 3392 1167 3505 quidquid

119 3505 195 3596 irat,¹
226 3522 323 3593 certe
348 3511 376 3583 is
394 3531 471 3592 non
494 3505 607 3591 lolam
635 3505 765 3592 donor
789 3509 955 3605 gentium
978 3505 1069 3593 fuit,
1108 3529 1168 3602 ve·

122 3621 468 3717 tumetiamregum
490 3621 669 3716 gentium,
690 3615 1009 3718 quodChrtstusa)
1027 3620 1167 3717 arguit,

121 3728 272 3833 biquos
301 3730 537 3818 dominentur
551 3753 635 3816 eum
663 3727 879 3833 tyrannide.
925 3716 1171 3828 earenupaluu-

121 3869 176 3927 cte
195 3839 324 3924 aurbu
346 3829 650 3935 melmernllmrrt
671 3839 790 3918 andr.
811 3838 949 3939 Quales
966 3837 1114 3922 fuerunt
1132 3840 1171 3917 ln

163 4061 205 4146 a>
225 4053 268 4125 er
291 4055 419 4127 anna
442 4074 472 4126 n
512 3951 679 4154 arnnal
699 3971 774 4127 alra
796 4029 850 4141 23.
888 4090 891 4095 -
1030 3971 1123 4057 qua.
