2506 4958
129 224 151 265 ·⁸
179 226 338 315 ⁸regnum
368 210 496 302 currui
529 200 951 296 introiremus.
1007 216 1090 327 ψ’

53 400 129 471 ros,
143 390 207 459 aut
225 379 409 463 ethnicos,r
441 393 502 454 aut
527 375 713 453 baereticos
736 375 804 454 else
820 373 924 466 dicit,
955 379 999 458 de
1019 384 1087 463 suo

50 513 221 594 tempore
256 490 421 591 loquitur
452 487 678 565 adolescente
713 491 883 567 nimirum
931 492 994 570 sec'.
1035 494 1083 576 V.

49 630 133 710 quo
155 605 316 704 plerique
349 616 449 676 erant
470 599 608 676 llriani:
639 621 770 700 nempe
789 624 833 676 ex
859 610 1085 685 commercio

51 742 141 797 cum
159 707 298 796 Arianis
329 710 502 789 Romanis
543 710 605 787 sub
647 713 952 812 imperatoribus,
992 742 1086 817 quos
1204 708 1205 715 Ν

54 833 287 913 notavimus,
317 825 501 901 Arianismi
522 825 707 920 patronis,
747 823 805 901 seu
828 841 866 901 ut
886 827 981 903 idern
1012 829 1088 906 Sal.
1131 912 1135 936 Ι

55 947 181 1019 vianus
213 935 432 1037 u)loquitur
464 934 503 1009 de
521 931 672 1009 Romani
705 932 899 1031 magisterii
918 943 1087 1034 proviin.

55 1067 119 1139 te,
149 1075 259 1150 agens
278 1051 322 1125 de
351 1045 545 1122 Wandalis
568 1061 605 1122 et
633 1045 793 1123 Gotlris:
822 1049 867 1124 de
885 1052 1013 1150 quibus
1031 1053 1088 1132 his

58 1163 214 1244 lfidorus
234 1165 269 1269 in
288 1160 463 1237 chronico
504 1212 526 1249 ‚,
543 1156 707 1247 Goaris,
738 1158 872 1253 (ait,)
894 1162 937 1237 ad
959 1162 1086 1246 {strum

57 1327 81 1371 „
113 1276 236 1352 bifarie
269 1277 304 1349 in
330 1270 544 1365 Fridigerno
573 1282 608 1344 et
642 1269 847 1349 Athalarico
876 1272 973 1350 divin
1007 1278 1088 1358 sunt

58 1440 81 1482 „
112 1387 268 1487 regibus
327 1381 397 1460 Sed
427 1380 657 1486 Fridigernus
689 1380 928 1461 Athalaricum
956 1383 1089 1466 Valen-

61 1556 84 1593 „
115 1500 160 1577 tis
184 1497 302 1575 Ariani
320 1497 545 1592 imperatoris
576 1493 712 1570 auxilio
735 1490 923 1593 superans,
942 1496 1090 1578 suadem

60 1669 84 1704 „
115 1626 152 1688 te
175 1610 304 1686 eodem
326 1609 361 1682 in
385 1604 491 1682 huius
515 1602 675 1682 beneficii
700 1609 849 1703 gratiam
872 1631 917 1683 ex
937 1600 1094 1690 embolis
1234 1668 1249 1691 ‚,

61 1780 84 1816 „
115 1718 162 1800 co
177 1721 325 1798 Arsanus
341 1740 426 1792 com
446 1720 546 1793 omni
564 1732 674 1813 gente
690 1715 903 1794 Gothorum
923 1720 1089 1823 effedns„
1137 1812 1139 1816 Α
1236 1721 1241 1729 ·

63 1856 275 1928 „errorem
300 1830 440 1907 secutus
463 1828 511 1903 est
535 1851 662 1903 eorum
684 1877 726 1918 ,‚.
773 1826 833 1906 De
863 1829 916 1906 his
947 1833 980 1910 S.
1000 1833 1092 1912 Gre.

64 1948 193 2045 gorius
220 1942 474 2021 Nazianzenus
503 1934 541 2026 u)
569 1938 711 2015 locutus
750 1995 772 2032 ,‚
795 1944 856 2041 qui
879 1966 967 2029 nos,
1013 1950 1092 2041 (in.

65 2113 89 2150 ‚,
119 2052 222 2160 quit)
251 2054 345 2131 bello
381 2047 570 2134 lacessunt,
612 2051 772 2138 barbari,
816 2076 907 2152 quos
935 2053 1092 2139 Trinitas
1142 2043 1145 2050 ¹

65 2226 87 2262 ,‚
119 2168 229 2245 soluta
255 2165 456 2242 coniunxit.
517 2161 620 2256 Quin
658 2162 729 2238 hoc
760 2186 907 2266 quoque
942 2175 1093 2252 nomine
1190 2213 1206 2242 -,

66 2333 89 2374 „
121 2279 354 2358 sceleratiores
376 2275 518 2358 somus.
563 2274 661 2374 quod
692 2298 767 2351 non
788 2294 930 2355 exteros
952 2287 1090 2373 exteri,-
1165 2298 1168 2304 '

65 2448 87 2485 ‚‚
116 2416 182 2468 nec
219 2395 369 2488 ignotos
403 2389 520 2485 ignoti
552 2389 660 2486 (quae
688 2410 742 2462 res
782 2390 948 2467 nonnihil
982 2399 1091 2475 etiam

65 2561 88 2596 ‚,
120 2504 349 2580 calamitatem
384 2496 508 2585 levat)
549 2522 672 2574 verum
703 2523 769 2575 nos
806 2503 900 2600 ipsos
935 2524 1091 2597 mutuo,

67 2672 90 2708 „
122 2632 157 2690 et
181 2612 274 2713 quast
308 2611 492 2688 domestici
520 2610 735 2685 domesticos
766 2614 1010 2709 populamur,
1057 2636 1095 2698 er

66 2784 90 2819 ‚‚
121 2724 354 2808 incessimus,
408 2738 468 2797 aut
500 2719 523 2794 s1
557 2724 688 2805 mavis,
736 2724 893 2798 eiusdem
930 2734 1096 2827 corporis

67 2896 90 2931 „
123 2838 281 2912 membra
306 2833 548 2909 consumimus
566 2835 740 2918 invicem,
771 2849 880 2933 atque
916 2841 1096 2916 consumi·

67 3008 90 3042 „
123 2973 250 3038 mur,‚.
314 2945 483 3023 lmmania
502 2943 607 3028 sunt,
633 2968 711 3042 quae
733 2944 898 3046 deinceps
918 2952 1096 3050 persequi.

70 3079 130 3137 tur
152 3061 365 3136 Asianorum
385 3057 539 3131 facinora
567 3072 673 3154 atque
692 3055 912 3135 crudelitatis
936 3082 1095 3158 genera,

70 3173 136 3251 sub
165 3169 325 3245 Valentis
353 3171 522 3265 nimirum
553 3169 723 3266 imperio,
756 3170 943 3270 postquam
974 3165 1111 3254 Gothi*
1239 3234 1241 3241 .

73 3309 130 3360 an.
159 3303 246 3373 3.77.
274 3285 308 3356 in
331 3280 451 3355 solutae
479 3282 571 3375 pacis
592 3299 740 3376 poenam
766 3279 958 3360 Thraciam
982 3307 1102 3384 popu.

74 3396 134 3469 lati
162 3394 260 3478 sunt,
293 3393 449 3492 polleas
477 3389 686 3465 Theodosso
714 3390 859 3481 devitii,
890 3394 947 3472 sed
970 3398 1102 3475 identi.

75 3506 157 3581 dem
190 3505 251 3604 ipsi
273 3511 309 3578 in
337 3504 477 3601 imperii
505 3501 631 3578 viscera
654 3503 758 3578 etiam
780 3508 893 3581 acciti.

160 3664 244 3758 Qua
267 3665 311 3740 de
332 3683 368 3740 re
388 3657 633 3740 memorabills
654 3662 852 3742 admodum
881 3661 928 3744 eli
954 3663 987 3746 S.
1016 3667 1104 3748 lim·

78 3775 186 3853 brniri
208 3777 355 3875 epistola
379 3772 413 3864 c)
439 3775 482 3852 ad
508 3771 800 3852 Valentinianum
825 3781 939 3880 imp,
972 3805 1039 3883 qua
1069 3782 1102 3865 ei

78 3883 183 3965 Tun.
219 3887 243 3965 l.
581 3885 632 3983 Q
895 3890 1049 3989 legatio·

61 4146 63 4150 ,
123 4066 360 4156 assuitur.
405 4069 815 4155 pomeranensem
857 4069 1106 4159 dispare
1163 4069 1171 4080 '
