2506 4958
141 571 203 657 4ο
493 553 638 654 &orinia
675 555 836 644 militant

143 723 195 801 ita
221 741 311 820 regn
342 743 378 797 rn
409 717 543 812 Christi
570 725 605 805 in
636 725 739 809 terris
762 720 852 799 nihii
891 732 1085 801 morantur
1103 722 1202 825 prei-

144 833 235 917 surae
260 745 422 923 Eczcfiau
463 837 669 915 militantis:
693 830 696 835 ’
716 859 797 934 quau
825 835 940 936 prima
967 853 1070 911 atate
1091 836 1202 913 veluti

145 944 359 1049 puerascens
387 970 429 1029 ac
452 946 606 1030 imbellis
625 947 795 1051 paulatim
823 946 1001 1040 adolerit3
1031 965 1202 1047 aquarto

144 1076 268 1139 autern
295 1056 456 1143 Eeciefiae
477 1059 596 1143 seculo
617 1062 653 1141 in
677 1059 816 1141 virilem
835 1075 977 1141 atatem
1005 1061 1201 1145 succrevit.

144 1174 270 1273 primo
287 1170 418 1257 Christi
442 1172 623 1257 milinario
644 1172 805 1270 undique
834 1179 1008 1257 terrarum
1026 1197 1205 1270 auguren-

142 1285 191 1363 tir
218 1305 281 1382 per
300 1287 399 1361 orbis
420 1289 584 1368 nationes
605 1286 858 1371 accedentibus
887 1308 950 1385 pet
984 1302 1200 1385 temporum

24 1424 42 1455 κ
143 1395 348 1479 intervalla,
387 1398 707 1480 nonobstantibus
735 1400 884 1474 internis
924 1396 988 1485 sub
1029 1401 1205 1497 principi-

142 1507 212 1594 bus
251 1509 447 1595 christianis
486 1509 648 1597 hostibus
676 1509 852 1591 hareticis
884 1527 920 1595 et
948 1508 1201 1599 schismaticis.

97 1657 100 1663 ·
142 1624 332 1699 autetiam
360 1621 554 1719 gentilismi
581 1621 767 1721 reliquiis:
800 1622 932 1722 quibus
964 1621 1093 1700 deinde
1120 1621 1201 1699 Ma

146 1730 336 1811 honretani
356 1733 521 1819 Saraceni
546 1731 764 1821 acceiierunt
785 1734 843 1818 iiia
863 1731 1085 1833 potilirmunr
1116 1733 1204 1811 Ara.

142 1843 213 1930 biae
238 1849 354 1925 ricino
379 1849 414 1922 in
436 1846 567 1946 plaga¹
598 1847 696 1933 unde
715 1863 841 1928 exorta
875 1845 1005 1944 religio
1042 1847 1202 1931 christia.

145 1980 193 2047 ua
219 1956 290 2036 fuit
313 1983 333 2037 a
353 1957 561 2047 ierusalem,
589 1983 659 2059 qua
689 1974 895 2058 recuperata
919 1960 1109 2060 completo
1128 1960 1203 2059 pri-

119 2092 211 2151 ‚mo
233 2070 504 2156 milliariorum
529 2089 622 2149 terra
653 2071 763 2149 sancia
794 2068 944 2154 Ecclesia
978 2074 1203 2170 redintegra*

145 2194 205 2273 ta,
226 2182 293 2265 risa
313 2184 362 2271 est
391 2186 571 2261 iuniorum
595 2181 747 2282 attigiffe
770 2183 950 2287 fastigium
972 2187 1077 2264 noris
1100 2187 1205 2259 iden.

145 2296 261 2385 tidem
285 2294 440 2379 coloniis
465 2296 590 2372 autin:
614 2296 700 2375 dun
717 2319 801 2373 ecce
822 2299 858 2375 in
875 2299 1014 2377 oriente
1032 2295 1206 2372 obfirma,

145 2417 211 2494 to,
244 2405 399 2487 succeffu
419 2425 652 2507 temporum,
685 2407 886 2492 schismate,
919 2410 1019 2508 quod
1045 2413 1114 2485 ianr
1134 2408 1200 2485 sec.

147 2513 197 2601 V.
229 2518 318 2601 sedis
342 2521 557 2615 Apostolicae
581 2520 810 2598 aentuiatione
827 2527 963 2617 coepit,
995 2521 1078 2626 post
1103 2520 1203 2604 mille

147 2651 266 2708 annos
292 2630 398 2722 secui.
430 2630 519 2721 XV.
553 2638 698 2730 penitus
719 2655 803 2708 cunr
826 2636 1005 2731 irnperio¹
1034 2633 1119 2719 iiiuc
1140 2657 1204 2715 an.

144 2752 183 2833 te
204 2740 301 2833 mille
327 2747 434 2832 etiam
453 2766 569 2831 annos
591 2744 790 2831 translato,
818 2745 993 2830 concidit.

201 2920 549 3023 occidentatem
570 2924 766 3025 imperium
788 2925 877 3002 dum
894 2928 939 3002 ab
959 2924 1090 3005 eodem
1110 2935 1205 3001 tem-

140 3057 234 3141 pore
264 3040 493 3125 barbararum
526 3042 690 3136 gentiunt
713 3040 915 3135 irruptione
931 3038 1102 3138 paulatim
1120 3059 1204 3110 cor-

142 3151 218 3235 ruit
241 3151 286 3228 ad
306 3151 475 3241 octauum
495 3151 605 3250 usque
628 3150 796 3227 seculum.
858 3146 911 3227 Ex
936 3169 1024 3226 tunc
1046 3147 1204 3227 Franco·

144 3285 229 3341 rum
255 3287 391 3362 reges,
444 3261 574 3352 Romae
602 3262 782 3361 ltaiiaeque-
810 3265 968 3362 tyrannis
986 3260 1203 3338 Gothorum

146 3364 333 3477 primun.
374 3375 506 3463 deinde
531 3373 865 3471 Longobardorum
890 3375 1036 3472 regibus
1056 3372 1203 3449 subdirae

58 3526 62 3533 ¹
144 3490 416 3581 succurrentes,
445 3487 608 3587 sedisque
626 3485 800 3568 Romanae
823 3491 936 3565 centri
968 3486 1114 3563 unitatis
1142 3508 1206 3559 ec-‚

144 3600 342 3690 ciefiaiticae
373 3600 590 3696 dignitatem
626 3601 882 3684 restituentes,
929 3598 1204 3695 exultantesque

145 3712 278 3793 Christi
307 3714 467 3797 interris
491 3736 675 3813 regnum,
706 3714 743 3789 in
774 3715 963 3810 praemium
1001 3709 1112 3786 veluti
1147 3733 1206 3782 re.

145 3825 312 3903 tulerunt
337 3824 483 3923 imperii
505 3824 739 3908 occidentalis
772 3821 946 3922 infignia¹
985 3820 1123 3900 Carolo
1147 3819 1201 3896 M.

141 3944 305 4040 primurn
335 3961 434 4013 anno
462 3936 608 4022 seculari
647 3949 738 4024 800.
781 3933 945 4013 aLeone
983 3933 1045 4012 lli.
1077 3936 1114 4007 in
1136 3936 1203 4004 inr-

84 4118 88 4130 .
141 4067 351 4151 peratorenr
391 4066 572 4129 coronato
591 4106 605 4139 .,
644 4053 698 4137 uri
728 4049 899 4146 deinceps
928 4048 1007 4144 post
1041 4044 1202 4122 Francos

142 4164 287 4262 imperii
310 4160 465 4241 Romani
488 4186 627 4239 corona
644 4165 788 4248 ornavit
804 4161 953 4244 aiiarurn
973 4162 1080 4236 etiarn
1102 4156 1195 4234 Ger-

143 4297 370 4356 mancatum
395 4277 589 4359 nationum
619 4276 760 4378 capita,
800 4295 957 4385 quarum
985 4270 1109 4349 medio
1143 4267 1208 4349 iiio

941 4448 946 4461 .
1067 4405 1150 4467 aeiio
