2506 4958
269 148 273 155 ,
303 216 453 289 regnum
474 193 602 283 (bridi
623 197 799 274 interris.
817 171 947 272 chL.
1096 219 1142 290 15

107 365 177 443 ter,
210 355 342 451 eoquod
366 354 461 431 nibil
489 368 551 432 ont
584 373 718 455 purum
757 357 930 463 hareticis
953 358 1145 454 pradican-

106 469 146 544 do
172 468 340 564 proficere
371 468 568 567 potuiffent.
634 470 680 548 At
717 471 878 570 persuasu
922 477 1142 561 memorati,

104 605 217 682 quem
240 579 302 655 sibi
333 583 368 654 in
394 583 523 658 ducem
554 599 792 681 acceperunt,
824 583 981 682 episcopi
1010 585 1145 662 resum-

103 709 145 770 to
172 697 315 778 ariimo,
347 717 429 769 cum
456 693 694 772 Cistercienfis
722 695 828 771 abbas
852 695 975 771 habito
1008 695 1063 774 sui
1084 721 1146 772 or-

101 805 200 881 dinis
221 805 379 904 capitulo
403 807 596 882 duodecim
626 806 770 893 secum,
801 808 1051 907 apostolorum
1077 833 1145 902 nu-

104 941 237 1001 mero,
279 919 422 994 abbates
460 918 510 995 sui
549 918 686 994 ordinis
719 917 919 996 adduxiffet
949 944 1033 997 com
1067 921 1144 998 aliis
1164 987 1176 1022 x,

104 1027 319 1115 monachis,
367 1031 650 1130 quaquaversum
685 1028 989 1130 disperfimunus
1040 1033 1145 1111 suum

102 1142 345 1240 apostolicum
378 1144 549 1219 obierunt
580 1145 720 1239 ingenti
762 1141 867 1231 zelo,
920 1161 1144 1222 memoratus

104 1256 285 1352 imprimis
317 1251 441 1330 Petrus
471 1257 516 1331 de
551 1253 707 1333 Casteilo
743 1278 846 1331 novo
881 1253 1144 1356 lnquifitorum

104 1365 254 1441 illorum
276 1361 332 1442 seu
352 1365 655 1443 miffionatiorum
673 1367 870 1468 parricidio
898 1373 1043 1445 comitis
1062 1368 1144 1446 To·
1245 1376 1248 1380 ’

102 1478 216 1553 lusani
248 1495 508 1577 protomartyr.
569 1470 675 1560 Hisce
699 1479 732 1554 se
763 1480 882 1579 postea
920 1482 953 1556 S.
971 1479 1146 1558 Domini-

93 1614 197 1676 cus,
247 1595 306 1690 qui
341 1611 489 1668 centum
526 1592 634 1667 millia
666 1584 918 1668 haereticorum
951 1594 1143 1670 adseram

104 1702 215 1778 fidens
237 1701 414 1780 reduxiiie
431 1705 587 1788 dicitur,
618 1705 912 1788 succenturiavit,
937 1727 1021 1781 cum
1042 1729 1145 1782 novo

103 1814 173 1891 suo
195 1816 355 1890 instituto
369 1815 515 1898 ordine,
541 1811 822 1917 Praedicatorum
840 1813 958 1889 indito
973 1815 1058 1891 hinc
1077 1840 1144 1892 no-

94 1931 228 2011 ·mine,
258 1929 320 2025 qui
338 1926 479 2002 strenue
492 1924 669 2026 'profecto
686 1928 723 1999 in
743 1923 815 2002 hoc
837 1948 986 2001 munere
1001 1928 1146 2024 aposto-

103 2038 178 2114 lico
211 2038 430 2113 laborarunt.
489 2035 572 2114 Fuit
600 2039 708 2114 etiam
737 2059 793 2111 au.
829 2045 943 2126 1229.
990 2037 1147 2128 celebra-

103 2165 185 2227 tum
219 2148 363 2224 Toioiae
401 2148 599 2226 concilium
640 2149 812 2249 prasente
845 2147 967 2248 legato
997 2148 1146 2247 pontifi-

104 2264 167 2338 cio
190 2285 273 2337 cum
309 2262 599 2358 metropolitanis
624 2247 877 2348 Narbonensi,
908 2246 1147 2360 Burdigalen-

105 2371 154 2458 sr,
187 2389 221 2448 et
245 2373 455 2470 Augustano
477 2373 800 2474 compluribusque
814 2374 1009 2474 episcopis,
1040 2375 1146 2453 abba-

106 2486 232 2571 tibus,
270 2489 489 2573 comitibus,
534 2489 749 2572 baronibus,
791 2498 826 2560 et
858 2486 1144 2585 magistratibus,

107 2600 144 2670 in
173 2621 249 2696 quo
281 2601 316 2672 id
351 2603 508 2697 primum
540 2600 777 2674 constitutum
805 2597 874 2673 fuit
892 2653 910 2684 „
961 2612 1001 2671 'ut
1022 2603 1060 2671 in
1077 2599 1145 2687 tin·

100 2707 199 2803 gulis
225 2707 308 2784 locis
324 2709 484 2802 sacerdos
511 2732 625 2794 nnus,
670 2711 704 2782 ei
723 2716 796 2782 ires
819 2706 904 2783 laici
937 2706 1147 2794 constituan-

105 2831 188 2905 tur,
226 2825 287 2915 qui
316 2820 505 2915 diligenter
534 2823 721 2916 inquirunt
761 2819 949 2896 har-ericus.
1016 2822 1148 2898 Conti-

107 2948 258 3008 nuatom
281 2932 350 3009 fuit
374 2934 469 3008 idem
488 2930 569 3009 atibt
594 2937 700 3008 etiaim
725 2934 897 3039 'gentiunt
916 2929 1089 3008 officiunt*
1105 2933 1146 3009 fi-

106 3069 149 3118 ve
182 3043 482 3122 miffiona'tio'rum
513 3044 583 3120 saue
612 3042 867 3144 inquisitorum
894 3046 930 3119 in
959 3048 1143 3122 montanis

102 3157 296 3255 pracsertim
321 3163 445 3243 tetris,
476 3161 535 3235 ubi
556 3157 724 3233 hedenus
746 3156 931 3232 latuerunt
955 3156 1139 3234 Wulden·

103 3269 183 3355 ses,
203 3269 403 3360 Sabaudia,
435 3269 661 3370 Delphinatu
689 3277 727 3346 s't
746 3267 949 3346 Provincia.
