2506 4958
272 253 422 328 regnum
445 224 575 321 ocrim
590 232 629 307 in
645 229 766 308 rents.
777 240 815 306 a.
835 225 974 309 XLIV.
1063 232 1156 327 ἰορ1

107 447 131 488 ,‚
148 389 348 491 ''stra-reges
373 392 531 492 Angsiae,
559 395 711 492 (inquit
732 388 977 481 Bossuetus,)
1016 391 1144 470 stabili-

104 557 130 598 „
158 521 199 581 to
226 506 432 605 episcopatu
460 510 496 580 in
525 504 593 582 suo
626 527 742 603 regno
768 503 1005 605 perniciosam
1033 507 1144 582 licen-

104 671 129 710 „
160 620 246 692 tiam
266 619 439 693 cohibere
457 617 491 694 se
509 613 607 716 posse
622 619 879 693 existimarunt.
921 614 1024 710 Quid
1045 621 1145 696 enim

105 781 129 821 „
159 731 279 805 valent
301 730 486 829 episcopi,
516 731 579 830 qui
601 726 662 826 ipsi
691 729 940 806 austoritatem
961 728 1145 807 cathedra-

106 895 129 932 „
159 864 241 917 rum
269 841 410 918 suarum
445 842 681 928 abiecerunt,
743 860 852 942 arque
887 844 1146 930 reverentiam,

107 1006 130 1043 „
159 977 240 1050 quae
261 951 466 1029 succesfioni
484 952 658 1037 debetur,
680 956 829 1052 quando
849 951 900 1027 illi
921 951 1034 1052 palam
1056 978 1147 1053 prae·

106 1114 130 1156 „
158 1063 358 1140 decessores
381 1066 462 1142 suos
484 1064 804 1143 condemnarunt?
833 1062 937 1159 Quid
961 1064 1011 1141 est
1033 1071 1144 1162 (per-

107 1230 131 1266 „
162 1172 244 1274 git)
269 1177 521 1277 episcopatus,
567 1180 630 1278 qui
660 1176 693 1253 se
727 1177 862 1278 separat
885 1179 930 1252 ab
963 1174 1145 1266 Ecclesia,

108 1339 131 1382 „
159 1281 262 1365 cuius
288 1290 337 1365 est
364 1289 624 1389 episcopatus,
664 1303 700 1368 et
720 1290 826 1366 deea
853 1288 954 1377 sede,
988 1310 1077 1392 ηοω
1096 1290 1148 1369 est

108 1455 132 1491 „
160 1404 235 1477 eius
257 1420 451 1488 centrum,
480 1420 521 1479 ut
538 1404 572 1479 se
596 1419 729 1480 contra
749 1417 914 1479 naturam
942 1401 987 1478 ad
1007 1405 1147 1500 regiam

108 1568 130 1604 „
158 1515 373 1611 potestatem
401 1535 470 1591 ceu
493 1511 536 1590 ad
563 1531 672 1615 caput
698 1513 849 1592 tenear?
886 1510 978 1591 Duae
999 1514 1148 1614 hae-po·

108 1637 132 1716 ς,
159 1625 300 1702 testatas
331 1625 456 1703 diversa
481 1626 637 1711 ordinis,
672 1643 804 1704 mutuo
828 1624 897 1701 sese
916 1628 1145 1724 impediunt,

106 1788 130 1828 ,‚
159 1738 458 1839 conficiuntque,
487 1739 637 1836 quando
673 1741 766 1815 inter
795 1739 829 1813 se
847 1739 1146 1817 confundunturs

108 1903 133 1941 ‚,
164 1848 411 1948 mansrisetque
435 1849 593 1924 maiestas
617 1852 714 1944 regia
739 1847 970 1936 inviolatior,
1006 1848 1031 1924 st
1056 1872 1148 1926 con·

109 2013 134 2053 ‚,
164 1978 260 2036 tenta
285 1962 423 2036 sacratis
442 1962 601 2044 iuribus,
632 1983 709 2035 non
738 1958 800 2035 sibi
824 1962 900 2036 iura
923 1975 959 2036 et
990 1961 1148 2038 aunon-
1227 2038 1230 2043 .

109 2122 134 2164 „
161 2088 271 2147 tatem
297 2069 457 2148 Ecclesrae
479 2069 673 2170 usurpasset
690 2124 723 2164 „.
773 2070 871 2165 Quis
890 2092 978 2148 veto
994 2073 1063 2158 est,
1085 2084 1150 2150 aur

110 2180 179 2260 esse
199 2185 342 2282 potest,
373 2187 435 2284 qui
459 2183 588 2259 sacram
610 2181 769 2262 Ecciesrae
793 2183 1042 2262 austeritatem
1059 2205 1157 2263 cum-

108 2294 304 2394 dignitate,
335 2297 540 2394 integritate
560 2296 750 2397 presertim
767 2295 868 2384 fidei,
899 2294 1150 2397 consensuque

111 2409 284 2483 doctrinae
302 2426 336 2484 et
355 2407 548 2508 disciplinae
574 2408 677 2486 sacrae
700 2410 867 2486 sustinere
889 2409 924 2486 ie
941 2406 1040 2508 posse
1056 2431 1150 2485 cun·

112 2518 219 2606 fidat,
265 2518 327 2594 nisr
356 2544 396 2596 ea
428 2520 469 2597 srr
496 2521 666 2619 legitima
697 2523 878 2620 potestatis
911 2519 1149 2598 ecclefiasticae

112 2634 378 2708 communione
402 2631 446 2708 ad
475 2652 642 2708 centrum
663 2635 808 2708 unitatis
835 2631 1028 2730 coisigata,
1060 2655 1151 2734 qua·

112 2743 183 2818 seur
210 2768 279 2818 una
301 2743 442 2828 sancia,
472 2744 674 2827 catholica,
717 2759 753 2819 et
771 2742 964 2843 apostolica
984 2743 1152 2825 Romana
1187 2747 1192 2757 '

112 2852 264 2932 Ecclesia
293 2853 466 2931 ostentat?
496 2855 615 2948 Quod
640 2855 799 2933 tribuual
825 2859 887 2957 qui
916 2856 1151 2946 abiecerunt,

113 2991 155 3045 ac
176 2967 330 3063 dignum
360 2965 420 3042 irbi
445 2966 524 3055 ipsis
545 2965 823 3044 protestantium
842 2990 981 3044 nomen
1010 2967 1153 3045 indide-

113 3095 200 3156 runt
225 3087 320 3154 rano
340 3077 509 3155 libertatis
528 3079 757 3156 conscientiae
785 3093 986 3180 praetextu,
1017 3100 1153 3181 nequa·

115 3216 225 3292 quam
258 3207 377 3268 tamen
407 3189 441 3268 se
466 3193 584 3291 ipsos,
615 3191 673 3266 sed
696 3196 879 3293 principes
907 3196 1030 3292 potius
1059 3190 1152 3269 iudi·

114 3328 192 3389 ces,
223 3303 290 3381 suis
307 3306 414 3380 rebus
431 3304 629 3389 studentes,
650 3305 944 3382 constituerunt³
985 3302 1076 3382 Rern
1098 3301 1155 3380 sua

117 3439 181 3515 pra
200 3416 328 3492 laudati
358 3413 522 3493 Schilteri
544 3417 659 3491 verbis
675 3415 856 3494 edicamus
876 3408 925 3495 ic
942 3412 981 3505 a)
999 3419 1156 3516 soquen-

119 3527 185 3602 tis:
229 3527 429 3626 „imperio
454 3531 553 3605 circa
585 3528 678 3603 sacra
710 3529 879 3605 nonnulii
909 3532 956 3605 ita
982 3526 1078 3607 abusi
1108 3527 1155 3607 ab

118 3689 141 3729 ‚,
170 3637 369 3715 adversariis
393 3640 645 3739 inculpamur,
680 3638 776 3741 quasi
795 3643 894 3718 bona
922 3639 1151 3723 ecclesiastica

122 3801 145 3842 „
175 3772 250 3826 non
278 3752 403 3829 melius
431 3751 693 3842 administrata,
723 3753 782 3831 sed
801 3750 1017 3832 secutatisara
1045 3752 1151 3831 etdi·

958 3916 983 3962 ,‚
1010 3865 1097 3970 sapi·

164 4026 200 4108 a)
221 4019 268 4092 De
285 4018 335 4091 sib·
354 4020 427 4093 eccs.
448 4024 546 4094 Germ
567 4023 619 4095 lib.
640 4023 705 4095 vlt,
728 4046 755 4096 c.
780 4048 828 4106 ra
851 4026 875 4111 s
896 4048 944 4099 rr.
