2506 4958
140 202 324 323 ‘'fegti'rrin'
346 211 482 311 'carati
507 219 548 299 in
577 166 698 298 terris.
711 238 747 296 e.
766 211 951 301 XXXIV.
1012 238 1113 312 303.
1148 245 1154 255 ’
1226 270 1229 275 -

54 389 361 470 communionem
400 383 602 462 sauciorum
624 376 820 482 proteum:
844 394 955 487 atque
984 382 1095 460 etiam

52 501 196 583 coelum
225 499 480 584 imitaturum,
535 494 647 571 etad
678 493 871 573 vincinam
901 482 994 570 des
975 492 1099 571 sannis

53 617 126 694 suis
163 625 445 711 provocaturum
491 605 656 684 divinum
693 626 864 684 numen.
901 604 1079 684 Frustra
1068 630 1100 684 ιι

55 728 222 806 monitus
247 737 283 799 et
305 722 496 799 deterritus
519 719 639 797 iuerat
667 731 738 818 pro
766 714 891 796 officio
914 718 987 797 aS
1003 700 1099 796 Ger·

57 861 171 916 mano
199 832 337 935 Cpolit.
367 831 591 932 patriarcha,
636 829 927 918 contumeliosa
968 827 1101 911 inditia

58 955 170 1030 etiam
195 947 319 1047 alapa,
349 943 501 1061 habito,
530 965 572 1020 ac
597 929 762 1043 depoiito
789 935 922 1043 postea.

117 1102 373 1208 Gregoriusii.
392 1101 431 1182 P.
449 1101 725 1204 graviffimasad
743 1103 923 1193 eundem,
938 1119 1099 1208 quaeex·

58 1222 214 1303 tantait.
236 1218 299 1297 Ν.
319 1216 448 1321 synodi
463 1215 543 1297 Vll.
567 1230 640 1317 pto
657 1211 786 1294 cu'ltu
772 1219 976 1316 imaginum
1000 1216 1100 1296 habi·

60 1353 126 1423 tae,
145 1333 245 1410 dedit
265 1331 384 1406 literas
391 1353 403 1423 ;
420 1340 632 1430 opportune
645 1332 752 1407 etiam
766 1327 1100 1429 negleiiumimpe·

62 1451 106 1526 rii
133 1445 344 1544 imperatori
371 1441 621 1542 exprobrans,
657 1462 768 1543 quem
803 1439 974 1519 haiienus
1003 1438 1099 1540 apud
1223 1538 1226 1543 ὁ

63 1560 212 1639 Graecos
231 1556 466 1656 imperatores
486 1557 716 1641 notavimus,
755 1552 857 1655 quod
886 1553 1101 1654 posthabue-

61 1677 136 1751 rint
158 1672 299 1768 imperii
316 1665 485 1767 undique>
501 1663 642 1744 laceffiti
657 1686 812 1752 cerem,
835 1667 1000 1764 negotiis
1021 1663 1102 1741 reii-

64 1784 186 1885 gionis
202 1779 353 1858 distenti.
412 1776 482 1854 Sed
500 1776 551 1854 nil
562 1775 635 1856 -anr
653 1779 767 1855 minas
783 1775 908 1855 retulit
923 1789 993 1879 pto
1010 1775 1102 1855 salo·

62 1897 199 1974 taribus
215 1893 365 1969 monitis
385 1887 590 1989 Gregorius
603 1887 652 1968 11.
679 1885 760 1968 Nec
776 1891 825 1968 est
847 1892 983 1966 'enirm
1019 1886 1101 1967 Leo

63 2007 301 2085 charederem
322 2002 490 2080 bestiae’in
508 1999 734 2102 impudentia
743 1998 880 2078 ‘frontis
901 2022 1105 2106 manusque

63 2117 248 2197 scribentis
275 2137 428 2214 gerens,
463 2112 504 2191 'se
532 2115 570 2190 in
597 2108 713 2191 diteris
743 2112 788 2191 ad
802 2109 1034 2213 'Gregon'um
1062 2108 1101 2189 P.

63 2229 222 2328 ἀρχιιρια
235 2228 299 2302 nai
312 2219 470 2315 daciam
484 2223 695 2328 pontificem
702 2239 747 2305 et
759 2226 1016 2326 imperatorem
1033 2246 1104 2311 no.

25 2335 27 2339 ’
66 2343 226 2427 minare«,
247 2340 513 2428 comminatus,
540 2335 725 2418 miffarum
745 2337 778 2415 se
792 2335 957 2417 ‘Romam
973 2336 1106 2416 satelli-

65 2466 119 2528 tes
130 2509 140 2538 ,
153 2455 215 2552 qui
231 2451 265 2528 S.
276 2443 586 2550 Petri-imaginem
601 2449 897 2548 confringerent,
913 2448 1105 2553 ipsumque

65 2564 290 2663 Gregorium
320 2564 356 2638 in
382 2563 534 2640 exilium
560 2560 817 2664 deportarent,
843 2560 935 2641 ficut
965 2562 1103 2642 aCon=
1154 2580 1170 2608 ⁸·

66 2678 197 2752 stantio
225 2675 356 2753 fadum
390 2676 624 2752 meminimus
653 2673 688 2752 S.
700 2670 871 2752 Martiae
905 2673 944 2753 Ρ.
963 2672 1106 2775 Cpoiin

65 2791 102 2864 vi
123 2786 296 2873 abdutio,
313 2787 440 2889 ibique
459 2789 495 2864 in
514 2802 657 2864 carcere
673 2803 743 2886 per
760 2808 896 2864 annum
917 2787 1105 2884 integrum

66 2900 239 2976 detento:
259 2898 359 2998 qnod
381 2902 487 2976 etiam
511 2898 639 2997 legatis
653 2895 911 2996 vGregorii-111.
928 2895 1108 2977 ‘succeffo-

66 3015 115 3089 ris
133 3011 281 3090 secundi⁴
310 3010 439 3088 accidit
455 3011 505 3087 ad
518 3008 689 3089 Leonem
717 3008 817 3088 hunc
848 3008 1044 3088 isauricum
1063 3012 1108 3088 in

65 3124 168 3202 causa
195 3124 395 3222 imaginum
421 3121 547 3212 miffis,
588 3121 685 3200 nuila
710 3119 936 3222 synodorum
966 3127 1109 3200 ratione

67 3236 186 3312 habit-a
206 3233 334 3315 Roma
349 3233 627 3325 celebratarum,
656 3247 848 3312 commota
867 3232 927 3313 hic
939 3237 981 3311 ‘in
996 3231 1111 3313 Occi-

69 3347 179 3424 dente
196 3347 386 3448 iili'cquein
398 3345 557 3427 Oriente
572 3344 782 3425 orthodoxa
797 3346 924 3448 plebe,
941 3368 1021 3446 quae
1036 3347 1111 3426 Au·

69 3482 177 3538 conae
196 3464 306 3536 etiam
325 3473 363 3538 et
381 3458 465 3537 alibi
486 3460 636 3562 statuam
661 3460 892 3561 imperatoris
913 3460 1053 3536 deiecit.
1097 3552 1099 3559 ἱ

154 3621 307 3699 Strenue
330 3635 420 3699 tunc
446 3623 626 3724 imprimis
649 3643 719 3722 pro
748 3620 870 3698 saniiis
901 3618 935 3697 S.
954 3617 1010 3698 io.
1036 3617 1112 3701 Da·

70 3734 257 3813 maiceuus
275 3734 461 3837 pugnabat
473 3739 509 3810 in
520 3733 593 3813 suis
609 3735 802 3833 operibus,
814 3756 857 3812 ac
868 3735 1113 3822 orationibus,

71 3846 231 3925 invedius
249 3850 289 3924 in
310 3851 598 3948 imperatorem,
626 3844 821 3947 palamque
843 3843 1013 3934 edicens,
1032 3867 1110 3924 non
1205 3900 1217 3927 2

67 3963 118 4040 nd
138 3984 230 4041 eum
254 3963 438 4067 pertinere
458 3983 562 4052 rem,
603 3957 769 4060 legitima
796 3955 1024 4043 eccleiiastica
1045 3981 1112 4058 po.-

933 4069 1057 4162 testate
