2506 4958
254 252 405 328 regnum
427 224 557 325 Cbrrlll
574 231 615 306 in
632 230 753 310 emit.
774 250 805 310 c
822 222 938 315 XLV.
1045 220 1126 336 πῄ

87 388 197 495 polita
232 391 411 471 amicabili
436 395 683 471 contentione
713 408 798 472 cnm
828 388 994 475 Romana
1019 389 1122 480 ledea

87 503 273 604 religiosos
288 495 394 581 etiam
414 500 477 581 sibi
496 502 707 584 necessarios
725 498 813 594 else,
842 505 952 599 dicit,
980 509 1024 588 ad
1039 502 1124 591 sub.

87 615 210 694 fidium
230 616 376 707 incorr
402 619 635 704 animatum,
666 620 704 696 in
722 636 792 720 qua
815 620 1013 700 concilium
1034 621 1123 703 Tu.
1224 656 1227 661 ·

87 729 273 806 dentinum
305 750 433 805 omnes
471 727 659 827 religiosor
694 727 905 831 episcopia,
944 755 1023 811 non
1052 737 1124 815 ob·
1247 800 1250 811 .

87 843 195 919 stante
220 840 476 940 exemptione,
507 838 655 918 subiicit.
713 837 1007 944 Dispensationea
1031 869 1121 927 vero

87 955 122 1030 in
145 953 330 1052 praeceptis
347 950 565 1029 abstinentiae
579 967 616 1030 et
639 952 782 1041 ieiunii,
813 954 850 1031 in
869 954 1044 1037 coelibatu
1060 978 1126 1038 or.

87 1065 212 1142 dinum
237 1062 486 1163 superiorum,
530 1084 573 1142 ac
600 1066 695 1142 notia
721 1062 974 1163 religiosorum
999 1067 1124 1171 ssepi.

87 1175 202 1276 scopis
223 1172 518 1275 permitterentur
536 1230 548 1263 ,
591 1173 755 1276 agnoscit
776 1174 973 1276 Spirensis,
1004 1185 1125 1263 uuita·

87 1301 158 1365 tem
179 1287 238 1366 sen
259 1285 570 1373 uniformitatem.
613 1290 651 1365 ln
675 1311 712 1365 re
732 1281 948 1391 disciplinati
969 1292 1122 1375 maxims

87 1399 292 1487 momenti,
322 1400 491 1476 concuti:
520 1396 725 1479 consultum
746 1423 833 1478 vero
856 1402 1052 1493 existimat,
1079 1418 1124 1485 ut

87 1514 272 1589 communi
292 1530 403 1611 opera
422 1526 549 1609 agatur
563 1510 659 1611 apud
680 1509 889 1591 Romanum
908 1514 1124 1615 pontificem

87 1646 153 1724 pro
167 1622 372 1701 minuendis
390 1622 516 1701 diebus
535 1623 773 1710 abstinentie,
793 1623 984 1724 presertim
1000 1628 1125 1708 sabba·

87 1736 124 1813 ti.
183 1732 328 1813 Piarum
350 1748 470 1812 antem
491 1731 746 1811 fundationum
775 1738 1014 1815 mutationem
1044 1742 1125 1840 epi·

88 1845 200 1947 scopis
227 1846 406 1946 relinqui.
438 1864 666 1944 nequaquam
687 1842 896 1923 consultum
928 1845 1054 1941 ducit3
1083 1863 1127 1929 ut

88 1972 205 2036 tamen
226 1956 331 2032 bullae
353 1970 390 2032 et
418 1955 562 2053 brevia,
607 1952 938 2057 declarationesque
963 1981 1127 2058 congre·

88 2071 279 2168 gationum
303 2081 387 2144 ante
408 2064 567 2165 episcopi
595 2069 880 2168 acceptationem
905 2091 982 2147 non
1002 2069 1126 2172 publi.

88 2195 226 2258 centur.
283 2176 432 2256 Nuntiir
453 2176 678 2277 apostolicis,
707 2176 839 2266 sciscit,
870 2200 947 2259 non
970 2203 1125 2262 omnem

87 2289 367 2369 iurisdictionem
390 2289 559 2389 denegari
580 2281 678 2390 polle
699 2312 744 2368 ex
768 2290 847 2391 ipso
870 2315 1023 2396 quoque
1053 2296 1126 2372 ina·

88 2406 261 2504 peratoris
283 2402 438 2502 placito,
477 2416 617 2480 tantum
646 2425 692 2479 ne
720 2402 955 2482 iurisdissioni
978 2405 1126 2486 ordina.

88 2518 146 2591 riae
183 2510 439 2613 episcoporum
460 2516 712 2611 praeiudicent,
743 2518 841 2592 iuxta
878 2538 919 2595 ac
952 2517 1125 2617 pontifex

88 2626 248 2727 promisit
270 2625 315 2701 de
330 2648 422 2701 nova
439 2623 658 2702 Nuntiatura
682 2622 910 2704 Monacensr:
944 2620 1126 2708 Notarioa

88 2737 303 2836 apostolicos
320 2737 590 2811 immatriculari
602 2735 698 2834 apud
709 2737 846 2812 curiam
860 2737 1126 2839 episcopalem,

88 2853 199 2946 cupit.
260 2846 301 2924 ln
337 2847 540 2947 pluralitate
563 2862 684 2924 autem
719 2845 981 2927 beneficiorum
1008 2869 1048 2928 ut
1073 2849 1127 2928 la·

88 2959 201 3039 cultas
225 2957 446 3057 dispensandi
476 2956 653 3058 episcopis
684 2957 933 3061 relinquatur,
981 2986 1028 3040 eo
1058 2965 1128 3039 mi.

88 3097 156 3150 nus
175 3070 381 3150 consultum
406 3085 533 3169 putat,
562 3092 640 3170 quo
658 3073 791 3148 certior
818 3065 884 3150 ille
909 3072 1130 3175 multiplica·

89 3200 214 3263 rentur
237 3206 283 3261 ex
302 3181 453 3285 multis,
482 3196 570 3283 quas
596 3179 720 3281 affert,
766 3185 994 3280 rationibua3
1023 3199 1130 3288 optat

89 3319 199 3380 vero,
230 3313 271 3375 ut
303 3291 511 3373 aRomano
533 3291 704 3393 pontifice
725 3317 803 3370 non
829 3293 892 3397 nili
923 3321 1005 3375 rato
1035 3319 1129 3377 con-

89 3407 275 3484 cedantur.
317 3403 473 3483 llliratur
494 3426 630 3506 porto,
652 3405 753 3506 quod
772 3402 954 3486 Emsensea
979 3409 1130 3509 puncta·

89 3535 215 3604 tores,
246 3521 308 3618 qui
330 3518 411 3595 alias
432 3516 643 3601 huiuamodi
675 3541 753 3607 rer,
783 3538 863 3618 quaa
891 3518 1062 3598 haelenae
1079 3513 1128 3600 ad

89 3627 199 3709 Rom.
230 3624 266 3707 P.
298 3627 538 3729 dispensanda
558 3627 860 3730 conferendaeque
877 3634 1126 3732 pertinebant.

89 3742 355 3841 extorqueant,
372 3741 488 3817 eidem
510 3742 631 3818 brevia
649 3741 883 3840 eligibilitatia
905 3740 1127 3844 relinquant,

89 3876 136 3932 ex
154 3853 354 3931 rationibus
368 3864 486 3933 tamen
504 3852 608 3935 sacrle
623 3853 835 3935 divinandis.
896 3852 1033 3950 Quoad
1049 3856 1130 3935 col·

89 4000 202 4081 Tou.
232 3997 276 4079 11.
611 3990 656 4080 nt
758 4038 825 4099 ,ι
916 3993 1071 4080 lotiones
