<?xml version="1.0" encoding="UTF-8"?>
<!DOCTYPE html PUBLIC "-//W3C//DTD XHTML 1.0 Transitional//EN"
    "http://www.w3.org/TR/xhtml1/DTD/xhtml1-transitional.dtd">
<html xmlns="http://www.w3.org/1999/xhtml" xml:lang="en" lang="en">
 <head>
  <title>
</title>
<meta http-equiv="Content-Type" content="text/html;charset=utf-8" />
  <meta name='ocr-system' content='tesseract 3.04.00' />
  <meta name='ocr-capabilities' content='ocr_page ocr_carea ocr_par ocr_line ocrx_word'/>
</head>
<body>
  <div class='ocr_page' id='page_1' title='image "./ecclesiamilitan01gerbgoog_0584.png"; bbox 0 0 2512 4620; ppageno 0'>
   <div class='ocr_carea' id='block_1_1' title="bbox 246 223 1115 335">
    <p class='ocr_par' dir='ltr' id='par_1_1' title="bbox 246 223 1115 335">
     <span class='ocr_line' id='line_1_1' title="bbox 246 223 1115 335; baseline 0.005 -25"><span class='ocrx_word' id='word_1_1' title='bbox 246 223 551 331; x_wconf 58' lang='lat' dir='ltr'>regnumfcinntr</span> <span class='ocrx_word' id='word_1_2' title='bbox 567 226 746 335; x_wconf 64' lang='lat' dir='ltr'>intem&#39;s.</span> <span class='ocrx_word' id='word_1_3' title='bbox 763 251 792 309; x_wconf 84' lang='lat' dir='ltr'>e.</span> <span class='ocrx_word' id='word_1_4' title='bbox 808 226 947 313; x_wconf 76' lang='lat' dir='ltr'><em>XLVI.</em></span> <span class='ocrx_word' id='word_1_5' title='bbox 1036 256 1115 332; x_wconf 79' lang='lat'>199</span> 
     </span>
    </p>
   </div>
   <div class='ocr_carea' id='block_1_2' title="bbox 56 391 1194 3955">
    <p class='ocr_par' dir='ltr' id='par_1_2' title="bbox 56 391 1194 3955">
     <span class='ocr_line' id='line_1_2' title="bbox 66 391 1111 482; baseline 0.011 -11"><span class='ocrx_word' id='word_1_6' title='bbox 66 416 150 472; x_wconf 79' lang='lat' dir='ltr'>enm</span> <span class='ocrx_word' id='word_1_7' title='bbox 180 391 385 482; x_wconf 70' lang='lat' dir='ltr'>obih‘tiiiet,</span> <span class='ocrx_word' id='word_1_8' title='bbox 433 392 568 472; x_wconf 73' lang='lat' dir='ltr'>nonio.</span> <span class='ocrx_word' id='word_1_9' title='bbox 591 391 675 473; x_wconf 83' lang='lat' dir='ltr'>hoe</span> <span class='ocrx_word' id='word_1_10' title='bbox 693 392 826 473; x_wconf 83' lang='lat' dir='ltr'>saecuio</span> <span class='ocrx_word' id='word_1_11' title='bbox 854 393 1111 482; x_wconf 76' lang='lat' dir='ltr'>Germanicam</span> 
     </span>
     <span class='ocr_line' id='line_1_3' title="bbox 69 504 1109 608; baseline 0.006 -23"><span class='ocrx_word' id='word_1_12' title='bbox 69 504 261 585; x_wconf 84' lang='lat' dir='ltr'>Eccieiinm</span> <span class='ocrx_word' id='word_1_13' title='bbox 286 508 504 608; x_wconf 74' lang='lat' dir='ltr'>occupavit,</span> <span class='ocrx_word' id='word_1_14' title='bbox 532 506 717 606; x_wconf 74' lang='lat' dir='ltr'>abreptam</span> <span class='ocrx_word' id='word_1_15' title='bbox 749 506 869 585; x_wconf 81' lang='lat' dir='ltr'>lindio</span> <span class='ocrx_word' id='word_1_16' title='bbox 896 524 936 586; x_wconf 84' lang='lat' dir='ltr'>et</span> <span class='ocrx_word' id='word_1_17' title='bbox 953 508 1109 593; x_wconf 69' lang='lat' dir='ltr'>ieiiione</span> 
     </span>
     <span class='ocr_line' id='line_1_4' title="bbox 68 617 1107 720; baseline 0.008 -24"><span class='ocrx_word' id='word_1_18' title='bbox 68 618 292 720; x_wconf 77' lang='lat' dir='ltr'>scriptorum</span> <span class='ocrx_word' id='word_1_19' title='bbox 309 618 477 707; x_wconf 81' lang='lat' dir='ltr'>illorum,</span> <span class='ocrx_word' id='word_1_20' title='bbox 497 620 562 720; x_wconf 88' lang='lat' dir='ltr'>qni</span> <span class='ocrx_word' id='word_1_21' title='bbox 582 617 640 695; x_wconf 81' lang='lat' dir='ltr'>rel</span> <span class='ocrx_word' id='word_1_22' title='bbox 657 618 712 696; x_wconf 79' lang='lat' dir='ltr'>im</span> <span class='ocrx_word' id='word_1_23' title='bbox 725 617 997 699; x_wconf 85' lang='lat' dir='ltr'>eccleiiasticum</span> <span class='ocrx_word' id='word_1_24' title='bbox 1016 621 1107 704; x_wconf 88' lang='lat' dir='ltr'>Pro-</span> 
     </span>
     <span class='ocr_line' id='line_1_5' title="bbox 67 728 1108 833; baseline -0.003 -26"><span class='ocrx_word' id='word_1_25' title='bbox 67 733 301 816; x_wconf 83' lang='lat' dir='ltr'>test-antium,</span> <span class='ocrx_word' id='word_1_26' title='bbox 333 745 373 808; x_wconf 91' lang='lat' dir='ltr'>ut</span> <span class='ocrx_word' id='word_1_27' title='bbox 395 729 525 808; x_wconf 73' lang='lat' dir='ltr'>trattat-</span> <span class='ocrx_word' id='word_1_28' title='bbox 542 728 792 819; x_wconf 82' lang='lat' dir='ltr'>Boehmerus,</span> <span class='ocrx_word' id='word_1_29' title='bbox 823 732 878 808; x_wconf 87' lang='lat' dir='ltr'>vel</span> <span class='ocrx_word' id='word_1_30' title='bbox 904 729 965 810; x_wconf 76' lang='lat' dir='ltr'>tus</span> <span class='ocrx_word' id='word_1_31' title='bbox 988 736 1108 833; x_wconf 87' lang='lat' dir='ltr'>pubii.</span> 
     </span>
     <span class='ocr_line' id='line_1_6' title="bbox 65 839 1107 925; baseline 0.004 -4"><span class='ocrx_word' id='word_1_32' title='bbox 65 866 150 921; x_wconf 89' lang='lat' dir='ltr'>cum</span> <span class='ocrx_word' id='word_1_33' title='bbox 180 842 329 922; x_wconf 85' lang='lat' dir='ltr'>tradunt</span> <span class='ocrx_word' id='word_1_34' title='bbox 352 864 400 919; x_wconf 87' lang='lat' dir='ltr'>ex</span> <span class='ocrx_word' id='word_1_35' title='bbox 431 839 599 920; x_wconf 70' lang='lat' dir='ltr'>doiirina</span> <span class='ocrx_word' id='word_1_36' title='bbox 625 862 756 919; x_wconf 85' lang='lat' dir='ltr'>eorum</span> <span class='ocrx_word' id='word_1_37' title='bbox 787 864 874 921; x_wconf 91' lang='lat' dir='ltr'>cum</span> <span class='ocrx_word' id='word_1_38' title='bbox 902 843 1107 925; x_wconf 71' lang='lat' dir='ltr'>ecclesiasti-</span> 
     </span>
     <span class='ocr_line' id='line_1_7' title="bbox 61 951 1103 1057; baseline -0.004 -25"><span class='ocrx_word' id='word_1_39' title='bbox 61 978 133 1043; x_wconf 80' lang='lat' dir='ltr'>co,</span> <span class='ocrx_word' id='word_1_40' title='bbox 165 954 322 1057; x_wconf 55' lang='lat' dir='ltr'>perinde&lt;</span> <span class='ocrx_word' id='word_1_41' title='bbox 337 976 381 1031; x_wconf 83' lang='lat' dir='ltr'>nc</span> <span class='ocrx_word' id='word_1_42' title='bbox 404 951 463 1032; x_wconf 85' lang='lat' dir='ltr'>Ine</span> <span class='ocrx_word' id='word_1_43' title='bbox 482 967 617 1032; x_wconf 80' lang='lat' dir='ltr'>neturae</span> <span class='ocrx_word' id='word_1_44' title='bbox 633 967 671 1031; x_wconf 88' lang='lat' dir='ltr'>et</span> <span class='ocrx_word' id='word_1_45' title='bbox 691 956 882 1053; x_wconf 86' lang='lat' dir='ltr'>gentium,</span> <span class='ocrx_word' id='word_1_46' title='bbox 919 963 1103 1038; x_wconf 88' lang='lat' dir='ltr'>commix.</span> 
     </span>
     <span class='ocr_line' id='line_1_8' title="bbox 62 1064 1103 1169; baseline 0.006 -25"><span class='ocrx_word' id='word_1_47' title='bbox 62 1080 144 1144; x_wconf 85' lang='lat' dir='ltr'>tum</span> <span class='ocrx_word' id='word_1_48' title='bbox 165 1068 288 1169; x_wconf 79' lang='lat' dir='ltr'>quoad</span> <span class='ocrx_word' id='word_1_49' title='bbox 308 1079 456 1143; x_wconf 81' lang='lat' dir='ltr'>externa</span> <span class='ocrx_word' id='word_1_50' title='bbox 482 1064 643 1166; x_wconf 82' lang='lat' dir='ltr'>publica,</span> <span class='ocrx_word' id='word_1_51' title='bbox 674 1079 715 1143; x_wconf 79' lang='lat' dir='ltr'>nrt</span> <span class='ocrx_word' id='word_1_52' title='bbox 736 1080 890 1156; x_wconf 79' lang='lat' dir='ltr'>vocant,</span> <span class='ocrx_word' id='word_1_53' title='bbox 920 1066 1103 1151; x_wconf 80' lang='lat' dir='ltr'>eMeseo-</span> 
     </span>
     <span class='ocr_line' id='line_1_9' title="bbox 64 1175 1102 1282; baseline 0.01 -28"><span class='ocrx_word' id='word_1_54' title='bbox 64 1181 127 1255; x_wconf 78' lang='lat' dir='ltr'>nio</span> <span class='ocrx_word' id='word_1_55' title='bbox 143 1175 190 1271; x_wconf 80' lang='lat' dir='ltr'>a)</span> <span class='ocrx_word' id='word_1_56' title='bbox 200 1176 389 1255; x_wconf 85' lang='lat' dir='ltr'>definitum</span> <span class='ocrx_word' id='word_1_57' title='bbox 416 1180 470 1256; x_wconf 81' lang='lat' dir='ltr'>ins</span> <span class='ocrx_word' id='word_1_58' title='bbox 486 1193 524 1256; x_wconf 91' lang='lat' dir='ltr'>et</span> <span class='ocrx_word' id='word_1_59' title='bbox 544 1175 758 1265; x_wconf 73' lang='lat' dir='ltr'>auiioritm,</span> <span class='ocrx_word' id='word_1_60' title='bbox 785 1200 867 1280; x_wconf 79' lang='lat' dir='ltr'>quae</span> <span class='ocrx_word' id='word_1_61' title='bbox 885 1182 922 1257; x_wconf 88' lang='lat' dir='ltr'>in</span> <span class='ocrx_word' id='word_1_62' title='bbox 946 1182 1102 1282; x_wconf 81' lang='lat' dir='ltr'>imperio</span> 
     </span>
     <span class='ocr_line' id='line_1_10' title="bbox 63 1287 1102 1391; baseline 0.008 -23"><span class='ocrx_word' id='word_1_63' title='bbox 63 1292 232 1368; x_wconf 85' lang='lat' dir='ltr'>universo</span> <span class='ocrx_word' id='word_1_64' title='bbox 260 1290 409 1368; x_wconf 68' lang='lat' dir='ltr'>summe</span> <span class='ocrx_word' id='word_1_65' title='bbox 444 1287 711 1369; x_wconf 75' lang='lat' dir='ltr'>Proteiienticae</span> <span class='ocrx_word' id='word_1_66' title='bbox 737 1293 904 1391; x_wconf 80' lang='lat' dir='ltr'>potestati</span> <span class='ocrx_word' id='word_1_67' title='bbox 933 1297 1029 1373; x_wconf 80' lang='lat' dir='ltr'>eirea</span> <span class='ocrx_word' id='word_1_68' title='bbox 1049 1293 1102 1377; x_wconf 82' lang='lat' dir='ltr'>se-</span> 
     </span>
     <span class='ocr_line' id='line_1_11' title="bbox 60 1401 1194 1504; baseline 0.007 -25"><span class='ocrx_word' id='word_1_69' title='bbox 60 1425 121 1479; x_wconf 81' lang='lat' dir='ltr'>cra</span> <span class='ocrx_word' id='word_1_70' title='bbox 142 1406 340 1504; x_wconf 86' lang='lat' dir='ltr'>competit,</span> <span class='ocrx_word' id='word_1_71' title='bbox 369 1401 414 1479; x_wconf 85' lang='lat' dir='ltr'>ad</span> <span class='ocrx_word' id='word_1_72' title='bbox 433 1401 712 1481; x_wconf 71' lang='lat' dir='ltr'>conservandam</span> <span class='ocrx_word' id='word_1_73' title='bbox 732 1403 1032 1484; x_wconf 82' lang='lat' dir='ltr'>conscientiarum</span> <span class='ocrx_word' id='word_1_74' title='bbox 1058 1407 1103 1487; x_wconf 90' lang='lat' dir='ltr'>ii·</span> <span class='ocrx_word' id='word_1_75' title='bbox 1188 1462 1194 1472; x_wconf 87' lang='lat'><em>-</em></span> 
     </span>
     <span class='ocr_line' id='line_1_12' title="bbox 60 1514 1100 1620; baseline 0.01 -30"><span class='ocrx_word' id='word_1_76' title='bbox 60 1515 265 1602; x_wconf 61' lang='lat' dir='ltr'>lacerarem,</span> <span class='ocrx_word' id='word_1_77' title='bbox 321 1526 359 1591; x_wconf 82' lang='lat' dir='ltr'>et</span> <span class='ocrx_word' id='word_1_78' title='bbox 384 1537 509 1615; x_wconf 79' lang='lat' dir='ltr'>pacem</span> <span class='ocrx_word' id='word_1_79' title='bbox 536 1514 679 1615; x_wconf 87' lang='lat' dir='ltr'>imperii</span> <span class='ocrx_word' id='word_1_80' title='bbox 710 1514 919 1615; x_wconf 80' lang='lat' dir='ltr'><strong>publicam,</strong></span> <span class='ocrx_word' id='word_1_81' title='bbox 958 1517 1100 1620; x_wconf 72' lang='lat' dir='ltr'>leg-ibus</span> 
     </span>
     <span class='ocr_line' id='line_1_13' title="bbox 60 1626 1101 1729; baseline 0.009 -27"><span class='ocrx_word' id='word_1_82' title='bbox 60 1627 242 1729; x_wconf 79' lang='lat' dir='ltr'>paiiisque</span> <span class='ocrx_word' id='word_1_83' title='bbox 259 1629 326 1724; x_wconf 72' lang='lat' dir='ltr'>(in</span> <span class='ocrx_word' id='word_1_84' title='bbox 352 1640 540 1705; x_wconf 82' lang='lat' dir='ltr'>conventu</span> <span class='ocrx_word' id='word_1_85' title='bbox 568 1648 649 1703; x_wconf 89' lang='lat' dir='ltr'>non</span> <span class='ocrx_word' id='word_1_86' title='bbox 676 1648 755 1704; x_wconf 79' lang='lat' dir='ltr'>reno</span> <span class='ocrx_word' id='word_1_87' title='bbox 785 1626 991 1708; x_wconf 66' lang='lat' dir='ltr'>Germanic</span> <span class='ocrx_word' id='word_1_88' title='bbox 1017 1654 1101 1711; x_wconf 87' lang='lat' dir='ltr'>mu·</span> 
     </span>
     <span class='ocr_line' id='line_1_14' title="bbox 60 1736 1099 1827; baseline 0.005 -13"><span class='ocrx_word' id='word_1_89' title='bbox 60 1751 128 1816; x_wconf 86' lang='lat' dir='ltr'>tuo</span> <span class='ocrx_word' id='word_1_90' title='bbox 155 1741 251 1817; x_wconf 87' lang='lat' dir='ltr'>initis</span> <span class='ocrx_word' id='word_1_91' title='bbox 282 1737 520 1815; x_wconf 74' lang='lat' dir='ltr'>protestantes</span> <span class='ocrx_word' id='word_1_92' title='bbox 541 1736 636 1814; x_wconf 85' lang='lat' dir='ltr'>inter</span> <span class='ocrx_word' id='word_1_93' title='bbox 654 1749 693 1813; x_wconf 85' lang='lat' dir='ltr'>et</span> <span class='ocrx_word' id='word_1_94' title='bbox 709 1736 943 1827; x_wconf 74' lang='lat' dir='ltr'>catholicos)</span> <span class='ocrx_word' id='word_1_95' title='bbox 967 1741 1099 1820; x_wconf 80' lang='lat' dir='ltr'>stabili·</span> 
     </span>
     <span class='ocr_line' id='line_1_15' title="bbox 58 1846 1099 1948; baseline 0.007 -22"><span class='ocrx_word' id='word_1_96' title='bbox 58 1863 105 1926; x_wconf 80' lang='lat' dir='ltr'>ta.</span> <span class='ocrx_word' id='word_1_97' title='bbox 165 1848 407 1948; x_wconf 78' lang='lat' dir='ltr'>Exploserunt</span> <span class='ocrx_word' id='word_1_98' title='bbox 431 1847 593 1948; x_wconf 74' lang='lat' dir='ltr'>plerique</span> <span class='ocrx_word' id='word_1_99' title='bbox 626 1846 738 1923; x_wconf 84' lang='lat' dir='ltr'>noiiri</span> <span class='ocrx_word' id='word_1_100' title='bbox 767 1846 873 1926; x_wconf 82' lang='lat' dir='ltr'>seculi</span> <span class='ocrx_word' id='word_1_101' title='bbox 900 1850 1099 1933; x_wconf 74' lang='lat' dir='ltr'>Publicistae</span> 
     </span>
     <span class='ocr_line' id='line_1_16' title="bbox 58 1957 1097 2064; baseline 0 -24"><span class='ocrx_word' id='word_1_102' title='bbox 58 1959 301 2040; x_wconf 83' lang='lat' dir='ltr'>Protestantes</span> <span class='ocrx_word' id='word_1_103' title='bbox 322 1982 410 2048; x_wconf 79' lang='lat' dir='ltr'>eos,</span> <span class='ocrx_word' id='word_1_104' title='bbox 441 1960 505 2061; x_wconf 88' lang='lat' dir='ltr'>qui</span> <span class='ocrx_word' id='word_1_105' title='bbox 522 1961 577 2036; x_wconf 84' lang='lat' dir='ltr'>ine</span> <span class='ocrx_word' id='word_1_106' title='bbox 601 1959 696 2035; x_wconf 83' lang='lat' dir='ltr'>circe</span> <span class='ocrx_word' id='word_1_107' title='bbox 715 1957 813 2037; x_wconf 80' lang='lat' dir='ltr'>sacre</span> <span class='ocrx_word' id='word_1_108' title='bbox 833 1960 891 2037; x_wconf 81' lang='lat' dir='ltr'>rei</span> <span class='ocrx_word' id='word_1_109' title='bbox 911 1958 1097 2064; x_wconf 81' lang='lat' dir='ltr'>episcopa-</span> 
     </span>
     <span class='ocr_line' id='line_1_17' title="bbox 59 2068 1098 2174; baseline 0.003 -26"><span class='ocrx_word' id='word_1_110' title='bbox 59 2071 94 2148; x_wconf 82' lang='lat' dir='ltr'>ie</span> <span class='ocrx_word' id='word_1_111' title='bbox 126 2075 162 2173; x_wconf 86' lang='lat' dir='ltr'>in</span> <span class='ocrx_word' id='word_1_112' title='bbox 195 2072 376 2174; x_wconf 80' lang='lat' dir='ltr'>principes</span> <span class='ocrx_word' id='word_1_113' title='bbox 409 2068 648 2149; x_wconf 81' lang='lat' dir='ltr'>Protestnntes</span> <span class='ocrx_word' id='word_1_114' title='bbox 665 2068 889 2150; x_wconf 76' lang='lat' dir='ltr'>translatum</span> <span class='ocrx_word' id='word_1_115' title='bbox 918 2094 967 2151; x_wconf 86' lang='lat' dir='ltr'>ex</span> <span class='ocrx_word' id='word_1_116' title='bbox 999 2088 1098 2151; x_wconf 86' lang='lat' dir='ltr'>tran·</span> 
     </span>
     <span class='ocr_line' id='line_1_18' title="bbox 57 2180 1096 2286; baseline 0.004 -26"><span class='ocrx_word' id='word_1_117' title='bbox 57 2182 212 2260; x_wconf 73' lang='lat' dir='ltr'>fniiione</span> <span class='ocrx_word' id='word_1_118' title='bbox 238 2180 440 2260; x_wconf 80' lang='lat' dir='ltr'>Paiiavienir</span> <span class='ocrx_word' id='word_1_119' title='bbox 455 2183 630 2269; x_wconf 82' lang='lat' dir='ltr'>statuunt.</span> <span class='ocrx_word' id='word_1_120' title='bbox 654 2181 774 2262; x_wconf 83' lang='lat' dir='ltr'>vei-eis</span> <span class='ocrx_word' id='word_1_121' title='bbox 788 2198 960 2286; x_wconf 79' lang='lat' dir='ltr'>tanquam</span> <span class='ocrx_word' id='word_1_122' title='bbox 980 2207 1096 2264; x_wconf 81' lang='lat' dir='ltr'>mem·</span> 
     </span>
     <span class='ocr_line' id='line_1_19' title="bbox 57 2291 1094 2395; baseline 0.006 -23"><span class='ocrx_word' id='word_1_123' title='bbox 57 2296 132 2372; x_wconf 82' lang='lat' dir='ltr'>bris</span> <span class='ocrx_word' id='word_1_124' title='bbox 162 2297 347 2395; x_wconf 71' lang='lat' dir='ltr'>precipuis</span> <span class='ocrx_word' id='word_1_125' title='bbox 380 2291 545 2373; x_wconf 70' lang='lat' dir='ltr'>Ecclesiae</span> <span class='ocrx_word' id='word_1_126' title='bbox 566 2310 778 2395; x_wconf 71' lang='lat' dir='ltr'>competere</span> <span class='ocrx_word' id='word_1_127' title='bbox 802 2295 893 2376; x_wconf 85' lang='lat' dir='ltr'>iilud</span> <span class='ocrx_word' id='word_1_128' title='bbox 915 2297 1094 2378; x_wconf 80' lang='lat' dir='ltr'>existime-</span> 
     </span>
     <span class='ocr_line' id='line_1_20' title="bbox 57 2404 1093 2510; baseline 0.006 -27"><span class='ocrx_word' id='word_1_129' title='bbox 57 2427 166 2498; x_wconf 78' lang='lat' dir='ltr'>rnnt3</span> <span class='ocrx_word' id='word_1_130' title='bbox 195 2408 299 2510; x_wconf 88' lang='lat' dir='ltr'>quod</span> <span class='ocrx_word' id='word_1_131' title='bbox 314 2411 368 2486; x_wconf 82' lang='lat' dir='ltr'>ius</span> <span class='ocrx_word' id='word_1_132' title='bbox 383 2407 569 2485; x_wconf 76' lang='lat' dir='ltr'>horridam</span> <span class='ocrx_word' id='word_1_133' title='bbox 577 2404 834 2506; x_wconf 60' lang='lat' dir='ltr'>philippicam</span> <span class='ocrx_word' id='word_1_134' title='bbox 854 2425 960 2489; x_wconf 84' lang='lat' dir='ltr'>vocnt</span> <span class='ocrx_word' id='word_1_135' title='bbox 972 2407 1093 2489; x_wconf 85' lang='lat' dir='ltr'>Boch-</span> 
     </span>
     <span class='ocr_line' id='line_1_21' title="bbox 57 2520 1092 2624; baseline 0.005 -29"><span class='ocrx_word' id='word_1_136' title='bbox 57 2543 199 2605; x_wconf 88' lang='lat' dir='ltr'>merus,</span> <span class='ocrx_word' id='word_1_137' title='bbox 217 2520 328 2620; x_wconf 88' lang='lat' dir='ltr'>quiid</span> <span class='ocrx_word' id='word_1_138' title='bbox 346 2522 582 2621; x_wconf 79' lang='lat' dir='ltr'>principique</span> <span class='ocrx_word' id='word_1_139' title='bbox 600 2522 752 2620; x_wconf 81' lang='lat' dir='ltr'>principi</span> <span class='ocrx_word' id='word_1_140' title='bbox 771 2525 789 2616; x_wconf 94' lang='lat'>(</span> <span class='ocrx_word' id='word_1_141' title='bbox 799 2522 964 2624; x_wconf 85' lang='lat' dir='ltr'>adeoq&#39;ue</span> <span class='ocrx_word' id='word_1_142' title='bbox 982 2526 1092 2601; x_wconf 80' lang='lat' dir='ltr'>etiem</span> 
     </span>
     <span class='ocr_line' id='line_1_22' title="bbox 56 2630 1091 2731; baseline 0.004 -24"><span class='ocrx_word' id='word_1_143' title='bbox 56 2634 269 2731; x_wconf 87' lang='lat' dir='ltr'>imperatori</span> <span class='ocrx_word' id='word_1_144' title='bbox 298 2630 502 2708; x_wconf 67' lang='lat' dir='ltr'>Tarentum</span> <span class='ocrx_word' id='word_1_145' title='bbox 521 2633 591 2708; x_wconf 78' lang='lat' dir='ltr'>&amp;e</span> <span class='ocrx_word' id='word_1_146' title='bbox 620 2645 657 2709; x_wconf 85' lang='lat' dir='ltr'>et</span> <span class='ocrx_word' id='word_1_147' title='bbox 682 2635 794 2708; x_wconf 76' lang='lat' dir='ltr'>cuivis</span> <span class='ocrx_word' id='word_1_148' title='bbox 811 2632 948 2710; x_wconf 76' lang='lat' dir='ltr'>infideli·</span> <span class='ocrx_word' id='word_1_149' title='bbox 962 2647 1002 2711; x_wconf 87' lang='lat' dir='ltr'>et</span> <span class='ocrx_word' id='word_1_150' title='bbox 1021 2634 1091 2711; x_wconf 85' lang='lat' dir='ltr'>hae·</span> 
     </span>
     <span class='ocr_line' id='line_1_23' title="bbox 56 2740 1092 2842; baseline 0.002 -23"><span class='ocrx_word' id='word_1_151' title='bbox 56 2747 171 2819; x_wconf 89' lang='lat' dir='ltr'>retico</span> <span class='ocrx_word' id='word_1_152' title='bbox 198 2744 351 2842; x_wconf 86' lang='lat' dir='ltr'>principi</span> <span class='ocrx_word' id='word_1_153' title='bbox 365 2740 392 2831; x_wconf 80' lang='lat'>)·</span> <span class='ocrx_word' id='word_1_154' title='bbox 419 2740 535 2820; x_wconf 77' lang='lat' dir='ltr'>affecit</span> <span class='ocrx_word' id='word_1_155' title='bbox 554 2764 640 2820; x_wconf 88' lang='lat' dir='ltr'>cum</span> <span class='ocrx_word' id='word_1_156' title='bbox 658 2741 754 2828; x_wconf 85' lang='lat' dir='ltr'>aliis,</span> <span class='ocrx_word' id='word_1_157' title='bbox 795 2766 892 2841; x_wconf 85' lang='lat' dir='ltr'>quos</span> <span class='ocrx_word' id='word_1_158' title='bbox 926 2746 1092 2823; x_wconf 80' lang='lat' dir='ltr'>nomina·</span> 
     </span>
     <span class='ocr_line' id='line_1_24' title="bbox 56 2851 1091 2954; baseline 0.004 -24"><span class='ocrx_word' id='word_1_159' title='bbox 56 2858 184 2930; x_wconf 82' lang='lat' dir='ltr'>vimus.</span> <span class='ocrx_word' id='word_1_160' title='bbox 244 2851 347 2931; x_wconf 87' lang='lat' dir='ltr'>Dum</span> <span class='ocrx_word' id='word_1_161' title='bbox 384 2875 472 2930; x_wconf 86' lang='lat' dir='ltr'>vero</span> <span class='ocrx_word' id='word_1_162' title='bbox 503 2875 549 2930; x_wconf 84' lang='lat' dir='ltr'>ex</span> <span class='ocrx_word' id='word_1_163' title='bbox 580 2876 668 2954; x_wconf 81' lang='lat' dir='ltr'>pace</span> <span class='ocrx_word' id='word_1_164' title='bbox 703 2851 956 2954; x_wconf 79' lang='lat' dir='ltr'>Westphaiicn</span> <span class='ocrx_word' id='word_1_165' title='bbox 982 2859 1091 2934; x_wconf 79' lang='lat' dir='ltr'>etiam</span> 
     </span>
     <span class='ocr_line' id='line_1_25' title="bbox 56 2960 1089 3068; baseline 0.003 -26"><span class='ocrx_word' id='word_1_166' title='bbox 56 2968 112 3042; x_wconf 85' lang='lat' dir='ltr'>ius</span> <span class='ocrx_word' id='word_1_167' title='bbox 145 2960 365 3043; x_wconf 82' lang='lat' dir='ltr'>reformandi</span> <span class='ocrx_word' id='word_1_168' title='bbox 387 2963 434 3041; x_wconf 84' lang='lat' dir='ltr'>fic</span> <span class='ocrx_word' id='word_1_169' title='bbox 457 2966 660 3066; x_wconf 82' lang='lat' dir='ltr'>accipiunt,</span> <span class='ocrx_word' id='word_1_170' title='bbox 693 2979 734 3043; x_wconf 82' lang='lat' dir='ltr'>nt</span> <span class='ocrx_word' id='word_1_171' title='bbox 754 2988 863 3064; x_wconf 87' lang='lat' dir='ltr'>penes</span> <span class='ocrx_word' id='word_1_172' title='bbox 887 2970 1089 3068; x_wconf 81' lang='lat' dir='ltr'>principem</span> 
     </span>
     <span class='ocr_line' id='line_1_26' title="bbox 56 3076 1091 3177; baseline 0 -20"><span class='ocrx_word' id='word_1_173' title='bbox 56 3076 124 3164; x_wconf 84' lang='lat' dir='ltr'>fit,</span> <span class='ocrx_word' id='word_1_174' title='bbox 168 3102 235 3176; x_wconf 84' lang='lat' dir='ltr'>pto</span> <span class='ocrx_word' id='word_1_175' title='bbox 259 3077 379 3158; x_wconf 85' lang='lat' dir='ltr'>lubitu.</span> <span class='ocrx_word' id='word_1_176' title='bbox 400 3076 550 3154; x_wconf 81' lang='lat' dir='ltr'>statuere</span> <span class='ocrx_word' id='word_1_177' title='bbox 578 3078 790 3155; x_wconf 76' lang='lat' dir='ltr'>exercitium</span> <span class='ocrx_word' id='word_1_178' title='bbox 819 3078 1003 3177; x_wconf 78' lang='lat' dir='ltr'>publicum</span> <span class='ocrx_word' id='word_1_179' title='bbox 1035 3102 1091 3157; x_wconf 89' lang='lat' dir='ltr'>re-</span> 
     </span>
     <span class='ocr_line' id='line_1_27' title="bbox 56 3186 1092 3294; baseline 0.005 -29"><span class='ocrx_word' id='word_1_180' title='bbox 56 3189 227 3287; x_wconf 86' lang='lat' dir='ltr'>ligionis:</span> <span class='ocrx_word' id='word_1_181' title='bbox 275 3186 429 3267; x_wconf 82' lang='lat' dir='ltr'>infidelis</span> <span class='ocrx_word' id='word_1_182' title='bbox 463 3205 525 3266; x_wconf 85' lang='lat' dir='ltr'>aut</span> <span class='ocrx_word' id='word_1_183' title='bbox 545 3186 731 3269; x_wconf 70' lang='lat' dir='ltr'>hereticus</span> <span class='ocrx_word' id='word_1_184' title='bbox 764 3192 930 3292; x_wconf 81' lang='lat' dir='ltr'>princepe</span> <span class='ocrx_word' id='word_1_185' title='bbox 965 3194 1092 3294; x_wconf 83' lang='lat' dir='ltr'>utique</span> 
     </span>
     <span class='ocr_line' id='line_1_28' title="bbox 57 3298 1143 3401; baseline 0 -22"><span class='ocrx_word' id='word_1_186' title='bbox 57 3305 136 3379; x_wconf 87' lang='lat' dir='ltr'>inre</span> <span class='ocrx_word' id='word_1_187' title='bbox 155 3301 220 3379; x_wconf 88' lang='lat' dir='ltr'>suo</span> <span class='ocrx_word' id='word_1_188' title='bbox 241 3303 381 3389; x_wconf 78' lang='lat' dir='ltr'>utitur,</span> <span class='ocrx_word' id='word_1_189' title='bbox 410 3298 531 3401; x_wconf 81' lang='lat' dir='ltr'>uirque</span> <span class='ocrx_word' id='word_1_190' title='bbox 550 3298 691 3379; x_wconf 76' lang='lat' dir='ltr'>firiiient</span> <span class='ocrx_word' id='word_1_191' title='bbox 706 3303 930 3400; x_wconf 79' lang='lat' dir='ltr'>magistratus</span> <span class='ocrx_word' id='word_1_192' title='bbox 948 3302 1091 3381; x_wconf 77' lang='lat' dir='ltr'>iudeo·</span> <span class='ocrx_word' id='word_1_193' title='bbox 1134 3312 1143 3328; x_wconf 84' lang='grc'><em>·</em></span> 
     </span>
     <span class='ocr_line' id='line_1_29' title="bbox 57 3410 1090 3513; baseline 0.003 -27"><span class='ocrx_word' id='word_1_194' title='bbox 57 3436 139 3487; x_wconf 86' lang='lat' dir='ltr'>rum</span> <span class='ocrx_word' id='word_1_195' title='bbox 176 3428 211 3489; x_wconf 93' lang='lat' dir='ltr'>et</span> <span class='ocrx_word' id='word_1_196' title='bbox 236 3416 469 3513; x_wconf 86' lang='lat' dir='ltr'>imperatores</span> <span class='ocrx_word' id='word_1_197' title='bbox 496 3410 636 3490; x_wconf 88' lang='lat' dir='ltr'>ethnici</span> <span class='ocrx_word' id='word_1_198' title='bbox 657 3415 921 3491; x_wconf 88' lang='lat' dir='ltr'>comminando</span> <span class='ocrx_word' id='word_1_199' title='bbox 946 3416 1090 3513; x_wconf 85' lang='lat' dir='ltr'>aposto·</span> 
     </span>
     <span class='ocr_line' id='line_1_30' title="bbox 57 3523 1091 3626; baseline 0.006 -29"><span class='ocrx_word' id='word_1_200' title='bbox 57 3524 100 3598; x_wconf 83' lang='lat' dir='ltr'>iis</span> <span class='ocrx_word' id='word_1_201' title='bbox 131 3541 166 3598; x_wconf 86' lang='lat' dir='ltr'>et</span> <span class='ocrx_word' id='word_1_202' title='bbox 194 3523 450 3622; x_wconf 79' lang='lat' dir='ltr'>prohibendo,</span> <span class='ocrx_word' id='word_1_203' title='bbox 487 3523 655 3602; x_wconf 75' lang='lat' dir='ltr'>neultra</span> <span class='ocrx_word' id='word_1_204' title='bbox 684 3547 820 3602; x_wconf 89' lang='lat' dir='ltr'>nomen</span> <span class='ocrx_word' id='word_1_205' title='bbox 842 3524 973 3604; x_wconf 85' lang='lat' dir='ltr'>Christi</span> <span class='ocrx_word' id='word_1_206' title='bbox 1001 3549 1091 3626; x_wconf 87' lang='lat' dir='ltr'>prae·</span> 
     </span>
     <span class='ocr_line' id='line_1_31' title="bbox 57 3634 1091 3738; baseline 0.004 -27"><span class='ocrx_word' id='word_1_207' title='bbox 57 3636 245 3715; x_wconf 78' lang='lat' dir='ltr'>dicarent:</span> <span class='ocrx_word' id='word_1_208' title='bbox 280 3639 395 3738; x_wconf 77' lang='lat' dir='ltr'>etqui</span> <span class='ocrx_word' id='word_1_209' title='bbox 416 3659 484 3737; x_wconf 88' lang='lat' dir='ltr'>pro</span> <span class='ocrx_word' id='word_1_210' title='bbox 506 3634 575 3713; x_wconf 82' lang='lat' dir='ltr'>fide</span> <span class='ocrx_word' id='word_1_211' title='bbox 590 3635 721 3715; x_wconf 79' lang='lat' dir='ltr'>Christi</span> <span class='ocrx_word' id='word_1_212' title='bbox 740 3641 950 3738; x_wconf 71' lang='lat' dir='ltr'>martyrium</span> <span class='ocrx_word' id='word_1_213' title='bbox 978 3637 1091 3716; x_wconf 88' lang='lat' dir='ltr'>subie-</span> 
     </span>
     <span class='ocr_line' id='line_1_32' title="bbox 56 3744 1091 3851; baseline 0 -26"><span class='ocrx_word' id='word_1_214' title='bbox 56 3762 164 3833; x_wconf 85' lang='lat' dir='ltr'>runt,</span> <span class='ocrx_word' id='word_1_215' title='bbox 197 3749 276 3824; x_wconf 87' lang='lat' dir='ltr'>iure</span> <span class='ocrx_word' id='word_1_216' title='bbox 297 3744 344 3824; x_wconf 85' lang='lat' dir='ltr'>fic</span> <span class='ocrx_word' id='word_1_217' title='bbox 368 3749 480 3826; x_wconf 81' lang='lat' dir='ltr'>videri</span> <span class='ocrx_word' id='word_1_218' title='bbox 496 3744 693 3851; x_wconf 85' lang='lat' dir='ltr'>potuiffent</span> <span class='ocrx_word' id='word_1_219' title='bbox 714 3751 910 3851; x_wconf 84' lang='lat' dir='ltr'>atyrannis</span> <span class='ocrx_word' id='word_1_220' title='bbox 923 3749 965 3826; x_wconf 82' lang='lat' dir='ltr'>ad</span> <span class='ocrx_word' id='word_1_221' title='bbox 991 3774 1091 3827; x_wconf 87' lang='lat' dir='ltr'>mor-</span> 
     </span>
     <span class='ocr_line' id='line_1_33' title="bbox 575 3857 1035 3955; baseline 0.007 -18"><span class='ocrx_word' id='word_1_222' title='bbox 575 3857 614 3937; x_wconf 92' lang='lat' dir='ltr'>N</span> <span class='ocrx_word' id='word_1_223' title='bbox 643 3880 671 3955; x_wconf 81' lang='lat'>4</span> <span class='ocrx_word' id='word_1_224' title='bbox 960 3877 1035 3942; x_wconf 89' lang='lat' dir='ltr'>tem</span> 
     </span>
    </p>
   </div>
   <div class='ocr_carea' id='block_1_3' title="bbox 100 4027 760 4111">
    <p class='ocr_par' dir='ltr' id='par_1_3' title="bbox 100 4027 760 4111">
     <span class='ocr_line' id='line_1_34' title="bbox 100 4027 760 4111; baseline 0.005 -17"><span class='ocrx_word' id='word_1_225' title='bbox 100 4033 135 4107; x_wconf 82' lang='lat' dir='ltr'>a)</span> <span class='ocrx_word' id='word_1_226' title='bbox 156 4028 214 4092; x_wconf 81' lang='lat' dir='ltr'>rur.</span> <span class='ocrx_word' id='word_1_227' title='bbox 239 4028 319 4108; x_wconf 81' lang='lat' dir='ltr'>pubi.</span> <span class='ocrx_word' id='word_1_228' title='bbox 347 4027 445 4093; x_wconf 84' lang='lat' dir='ltr'>Germ.</span> <span class='ocrx_word' id='word_1_229' title='bbox 463 4029 483 4092; x_wconf 89' lang='lat' dir='ltr'>i.</span> <span class='ocrx_word' id='word_1_230' title='bbox 505 4028 541 4090; x_wconf 74' lang='lat' dir='ltr'>V.</span> <span class='ocrx_word' id='word_1_231' title='bbox 563 4049 590 4095; x_wconf 87' lang='lat' dir='ltr'>e.</span> <span class='ocrx_word' id='word_1_232' title='bbox 611 4048 637 4111; x_wconf 67' lang='grc' dir='ltr'>ς.</span> <span class='ocrx_word' id='word_1_233' title='bbox 662 4048 691 4093; x_wconf 87' lang='lat' dir='ltr'>n.</span> <span class='ocrx_word' id='word_1_234' title='bbox 713 4048 760 4097; x_wconf 79' lang='grc' dir='ltr'>ιι.</span> 
     </span>
    </p>
   </div>
   <div class='ocr_carea' id='block_1_4' title="bbox 0 0 1260 4620">
    <p class='ocr_par' dir='ltr' id='par_1_4' title="bbox 0 0 1260 4620">
     <span class='ocr_line' id='line_1_35' title="bbox 0 0 1260 4620; baseline 0 3"><span class='ocrx_word' id='word_1_235' title='bbox 0 0 1260 4620; x_wconf 95' lang='lat' dir='ltr'> </span> 
     </span>
    </p>
   </div>
  </div>
 </body>
</html>
