2506 4958
284 169 438 304 regnam
462 195 594 290 Christi
614 201 655 278 in
682 198 804 281 tertis.
824 220 852 279 e.
872 195 978 283 XVI.
1100 218 1153 305 8?

105 391 262 470 regnum
283 367 378 444 illius
394 359 495 444 alteri
513 364 655 465 populo
672 359 750 443 noo
767 362 996 464 relinquetur.
1034 367 1154 469 Quod

104 501 228 563 autem
240 477 561 580 ⁴dicitl'uopheta:
581 483 621 553 in
636 475 754 558 diebus
773 501 966 578 regnorum
986 481 1152 574 illorum,

104 598 151 676 de
210 592 381 676 Romano
425 590 528 697 quod
574 590 801 692 postremum
844 590 978 695 reliqua
1006 594 1155 695 absorp-

105 709 173 795 fit,
204 703 483 803 intelligendum
513 702 590 789 est,
634 725 710 807 quo
739 703 883 782 summo
906 708 943 786 io
970 703 1062 784 flore
1088 708 1154 788 sub

106 819 275 918 Augusto
305 815 503 899 constituto
531 831 634 892 natus
670 815 721 897 est
749 813 912 898 Christus
946 817 1036 923 sapis
1067 819 1152 912 ille,

106 933 218 1013 oues
245 933 282 1011 io
303 944 472 1010 montem
496 950 681 1026 maguum.

165 1092 225 1179 Est
248 1091 308 1171 hic
340 1089 380 1168 ls.
403 1087 447 1167 ll.
482 1108 517 1165 2.
539 1090 608 1168 &a
640 1084 704 1170 Os.
723 1085 786 1167 tv.
822 1112 855 1169 1.
879 1091 948 1172 bec.
972 1106 1156 1191 prepara·

109 1218 166 1288 ius
191 1227 292 1286 mons
322 1201 443 1279 domus
472 1198 622 1282 Domini
649 1203 700 1277 in
717 1205 853 1296 vertice
886 1210 1089 1296 acontium,
1120 1219 1156 1288 et

109 1316 309 1402 elevabitur
327 1313 436 1413 super
462 1313 581 1400 coles,
611 1325 648 1389 et
675 1313 843 1407 confluent
864 1316 917 1424 ‚ad
939 1340 1018 1394 eum
1037 1342 1156 1423 annet
1186 1322 1189 1327 ’

105 1443 240 1536 gentes.
300 1424 457 1510 Exibunt
481 1424 603 1537 papuli
630 1424 766 1514 multi,
796 1438 830 1506 et
847 1429 989 1511 dicent:
1026 1428 1155 1512 Venite

110 1542 333 1638 ascendamus
361 1539 410 1619 ad
436 1551 587 1617 muntem
615 1536 763 1615 Domini
790 1550 824 1618 et
844 1541 892 1618 ad
916 1542 1059 1619 domum
1082 1542 1155 1625 Dei

111 1653 238 1741 Iacob.
264 1664 300 1732 tt
326 1648 457 1732 docebit
480 1674 540 1727 nos
583 1654 662 1728 viat
677 1648 788 1748 fuas,
833 1663 869 1729 et
898 1653 1155 1738 ambulabimus

111 1773 149 1851 iu
169 1765 310 1866 semitis
333 1767 435 1848 eius:
480 1765 564 1858 quia
591 1762 631 1838 de
653 1761 737 1839 Sion
762 1762 876 1842 exibit
904 1764 982 1856 lex,
1011 1779 1047 1845 et
1071 1791 1155 1848 oar.

111 1879 195 1961 bam
229 1877 377 1955 Domini
404 1860 446 1957 de
473 1869 674 1971 Ierusalem.
731 1873 776 1951 Et
806 1877 978 1954 iudicabit
1005 1893 1153 1978 gentes,

111 2005 149 2072 ut
169 2001 297 2087 urguet
312 1986 454 2086 papulas
470 1986 607 2065 multas.
667 1983 767 2064 Idem
782 1988 832 2063 est
851 1986 900 2066 Ps.
922 1987 1062 2074 LXVI.
1094 2016 1153 2086 ¹7·

114 2106 185 2186 &a
217 2101 329 2179 Mons
364 2099 434 2176 Dei
463 2121 562 2174 anons
590 2099 748 2193 pinguis.
808 2095 919 2179 Mans
951 2101 1156 2199 eoagulatus

111 2239 211 2294 mont
228 2215 384 2312 pinguis.
445 2208 494 2292 Ut
519 2210 605 2309 quid
620 2208 855 2309 suspicamini
879 2225 1012 2293 mantes
1030 2240 1157 2315 eoagu-

116 2327 235 2413 latus?
265 2323 378 2402 Mons
409 2326 448 2399 in
471 2346 537 2420 quo
573 2319 823 2419 beneplacitum
845 2322 891 2414 esi
922 2325 995 2404 Deo
1017 2327 1157 2409 babita-

113 2461 155 2519 te
190 2444 230 2516 in
259 2461 325 2516 to:
384 2439 512 2516 etenim
551 2434 723 2515 Dominus
759 2433 934 2515 habitabit
969 2444 1008 2516 in
1030 2440 1153 2538 finem.

114 2552 291 2635 Psalmom
310 2549 407 2628 hunc
426 2549 469 2628 ad
487 2547 669 2627 Christum
691 2548 876 2626 referimus
893 2552 984 2632 duce
1002 2551 1049 2630 D.
1068 2553 1159 2634 Pau

114 2665 180 2750 lo,
212 2665 274 2764 qui
301 2685 348 2738 ex
374 2685 418 2738 eo
450 2659 537 2758 Eph.
563 2657 625 2740 IV.
660 2672 693 2744 8.
726 2661 771 2736 de
798 2661 930 2738 Christi
954 2662 1158 2746 asceofione

113 2779 247 2877 accipit
273 2772 411 2855 versum
440 2796 452 2846 t
462 2797 496 2867 9.
526 2771 589 2847 alia
612 2771 820 2870 paululum,
849 2772 946 2849 sensu
967 2775 1061 2853 haud
1079 2802 1160 2856 mu.

117 2905 225 2972 tato,
257 2888 573 2989 interpretatione:
606 2880 798 2984 passimque
826 2881 997 2962 differunt
1029 2887 1161 2965 versuo.

116 3025 182 3083 nes
205 2998 340 3082 Graecae
373 3014 408 3075 et
428 2998 543 3072 latinae
571 2994 675 3072 huius
696 2995 821 3096 psalmi
844 3021 863 3072 a
883 3011 986 3075 textu
1011 2996 1161 3079 Hebrai-

116 3137 165 3192 co
207 3114 315 3221 etiam
352 3111 432 3187 intt.
464 3104 591 3190 LXX.
633 3131 712 3207 quae
763 3132 848 3185 cum
879 3108 965 3186 salia
1008 3107 1049 3186 lit
1078 3125 1177 3220 ante,

118 3224 335 3309 Christum,
367 3243 442 3296 nan
460 3244 567 3319 pauca
587 3234 707 3295 tameo
727 3221 963 3321 explicatione
987 3222 1105 3302 reddit
1128 3227 1164 3304 in
1216 3302 1218 3306 ,

118 3353 227 3417 textu
253 3332 419 3433 originali
448 3334 657 3430 (maximis
691 3330 957 3412 difficultatibus
989 3333 1167 3435 obsepta)

120 3451 159 3530 io
181 3451 253 3535 iis,
299 3469 380 3549 quae
406 3445 451 3522 ad
484 3443 667 3542 Christum
695 3442 838 3545 eiusque
866 3441 1053 3525 Ecclesiam
1073 3448 1167 3526 mili.

123 3575 262 3638 tantem
289 3556 648 3657 triumphantemque
667 3555 712 3631 de
739 3556 900 3635 hostibus
930 3556 996 3635 suis
1013 3560 1057 3635 ab
1077 3583 1168 3638 con.

124 3668 346 3752 stitueodam
359 3692 512 3768 regnum
533 3666 666 3746 Christi
686 3669 723 3743 in
752 3670 875 3754 tertis,
897 3668 1051 3770 speilant
1067 3670 1169 3773 quod

123 3786 163 3862 in
184 3787 295 3861 veteri
317 3783 533 3862 testamento
559 3777 814 3858 adumbratum
833 3784 870 3856 in
891 3783 989 3861 exitu
1006 3781 1107 3862 lsrael
1127 3785 1173 3863 de

123 3895 293 4001 AEgypto
320 3918 363 3974 ac
386 3894 541 3973 visionis
573 3890 616 3968 ad
656 3892 905 3993 occupandam
934 3895 978 3972 ab
1009 3893 1172 3974 lsraesitie

611 4019 640 4102 F
668 4043 697 4117 4
1047 4040 1116 4106 tet·
