2506 4958
149 576 207 655 34
335 598 344 621 ⁸
462 543 843 667 occultauitque

141 720 224 825 suis
247 720 500 816 requieverat,
521 717 662 817 funxit.
722 717 795 795 Hie
813 729 929 795 uuteue
946 713 990 805 eli
1013 718 1086 797 ‹iies
1113 719 1203 798 Suo.

152 832 253 918 oui,
276 836 339 930 qui
361 824 484 929 lingue
519 831 750 945 Heiqaeorum
774 855 957 908 enumero
986 857 1111 909 nomeu
1143 860 1202 911 oc·

152 941 267 1044 cepit,
313 945 403 1020 uude
417 945 638 1044 septenarius
669 967 836 1021 uumerus
864 940 1045 1042 legitimus
1066 969 1107 1022 oc
1125 947 1202 1047 pie·

152 1053 281 1152 uusest
283 1113 391 1136 .....
450 1054 495 1134 Et
516 1055 671 1155 rursus,
703 1061 868 1152 quonium
889 1053 1056 1156 perfectis
1086 1063 1204 1156 operi-

153 1170 216 1250 bus
240 1172 418 1266 requievit
448 1169 504 1245 die
523 1167 700 1268 septimo,
731 1192 877 1265 eumque
910 1168 1112 1259 benedixit,
1142 1197 1204 1248 ue.

152 1281 235 1384 ceffe
254 1279 322 1370 eti.
353 1295 393 1356 ut
412 1284 452 1357 iu
460 1281 536 1379 fine
557 1283 659 1383 sexti
670 1281 839 1373 miiiefimi
861 1285 947 1357 ouui
969 1281 1110 1359 molitio
1126 1309 1203 1360 om·

151 1404 208 1473 ru's
241 1380 423 1472 oboieotur
462 1407 627 1482 eterra,
671 1407 706 1470 et
736 1405 860 1492 regnet
882 1410 950 1492 per
978 1417 1088 1472 ouuos
1107 1398 1203 1474 mille

150 1505 310 1604 iustitio,
341 1505 457 1605 fitque
482 1506 722 1605 tranquillitos
745 1520 779 1584 et
801 1510 939 1602 requies
961 1505 1200 1599 nlaioribus,

151 1645 238 1720 quos
268 1620 417 1698 mundus
436 1620 572 1697 iamdiu
595 1617 744 1720 perfert.
803 1619 857 1695 llli
880 1635 995 1709 tunc,
1046 1621 1111 1699 fec.
1138 1622 1203 1700 ΙΙΙ.

150 1732 300 1813 finiente
327 1736 524 1821 nimirum,
571 1736 685 1811 onmis
721 1730 929 1828 exspectatio
953 1754 1024 1808 uon
1046 1734 1202 1831 emplius

150 1871 260 1945 quom
282 1847 510 1922 ducentorum
536 1843 615 1944 visu
638 1842 683 1931 eli
702 1867 888 1921 annorum.
948 1843 1022 1923 lam
1048 1851 1202 1946 propius

152 1973 296 2061 tempus
324 1957 484 2036 fidelibus
515 1960 549 2036 S.
564 1955 774 2037 Athanaflus
805 1956 1012 2055 designabat
1034 1962 1070 2034 in
1090 1974 1204 2060 caput

153 2085 181 2149 6
188 2094 219 2163 ς.
242 2071 358 2159 iioiae,
391 2073 453 2166 qui
460 2067 530 2169 sex
551 2067 692 2156 diebus.
719 2073 758 2144 in
773 2067 897 2166 quibus
905 2067 1023 2168 soiius
1039 2069 1083 2158 eli
1097 2096 1203 2147 mun.

151 2184 243 2271 dus,
273 2179 492 2280 transsceufis
519 2194 554 2258 et
579 2183 800 2279 preteritis,
822 2178 997 2279 fetiiuout
1028 2184 1076 2259 od
1087 2183 1202 2282 septi.

152 2320 252 2374 mum
270 2289 383 2382 diem,
425 2294 464 2371 io
481 2292 525 2382 eli
547 2293 761 2389 subtatum,
807 2295 847 2369 in
872 2318 940 2391 quo
968 2318 1058 2370 veru
1079 2294 1123 2384 eii
1143 2320 1204 2372 re.

150 2413 257 2506 quies.
317 2407 411 2503 Quae
437 2432 526 2483 vero
553 2409 598 2487 de
628 2412 686 2485 sex
705 2431 885 2486 annorum
917 2406 1075 2485 millibus
1108 2410 1201 2490 dista

151 2523 234 2600 sunt
270 2524 368 2597 iuxta
399 2518 560 2600 Lxxll.
603 2525 708 2598 etiam
734 2521 803 2597 aS.
824 2518 1015 2598 Ambrofio
1051 2521 1203 2600 fuerunt

150 2633 414 2717 nnimadversa,
447 2656 522 2707 non
551 2631 736 2733 adaequare
767 2633 946 2731 praesentis
973 2633 1078 2709 seculi
1108 2650 1204 2711 tem-

152 2769 267 2846 poro:
287 2743 434 2828 Plures,
455 2747 594 2843 inquit,
625 2746 776 2840 o)quom
786 2745 858 2841 sex
873 2746 1203 2840 miiiiucomputou-

151 2871 217 2934 tur
243 2860 360 2950 ouui3
402 2868 435 2931 et
462 2854 637 2931 moiumus
659 2855 729 2955 sex
759 2857 831 2933 dies
845 2872 911 2953 per
925 2855 1122 2956 syueboium
1142 2862 1201 2932 iu.

150 2971 328 3066 telleqere,
360 2968 452 3065 quoe
463 2967 532 3069 sex
555 2967 671 3046 diebus
685 2971 809 3045 murrii
830 2984 936 3065 opero
945 2969 1035 3066 suut
1055 2983 1198 3060 orento,

151 3094 194 3160 ut
213 3100 282 3180 per
302 3094 435 3180 tempus
463 3097 590 3207 opere
616 3099 685 3180 per
705 3098 810 3180 opero
832 3083 1001 3159 muudum
1024 3083 1203 3176 iuretopu.

150 3219 240 3273 mus.
298 3195 343 3271 Et
380 3194 455 3271 ieieo
477 3196 600 3271 muudi
628 3193 842 3292 temporibus
866 3192 1047 3292 impletis,
1079 3193 1201 3292 resur.

151 3311 259 3386 reitio
272 3305 407 3408 futuru
435 3306 677 3396 monstretur:
708 3320 771 3385 out
796 3312 958 3404 quiuis,
1004 3311 1067 3402 qui
1083 3307 1202 3406 supro

150 3423 322 3502 mundum
342 3419 576 3519 adscenderit,
604 3430 638 3494 et
654 3420 758 3497 hotius
766 3417 880 3517 seculi
892 3431 1067 3495 momento
1081 3433 1204 3496 trous-

144 3534 350 3634 soeuderit.
379 3530 478 3607 oelut
504 3536 543 3607 iu
567 3529 713 3626 fieblimi
736 3532 891 3618 iocatus,
916 3531 1053 3631 future
1080 3531 1204 3627 resur-

149 3641 966 3744 nfflwujwfflmowfflfflffltmuwm.
1042 3643 1202 3721 Ἣὼωτ

151 3759 210 3836 hic
235 3783 306 3858 prae
347 3756 460 3834 oculis
491 3754 646 3833 habuiffe
671 3781 906 3833 communem
928 3747 1035 3834 'iliam
1068 3781 1208 3855 prope..

154 3874 305 3947 moduni
342 3886 502 3946 veterum
542 3871 756 3968 opinionem
791 3869 835 3944 de
866 3869 923 3946 sex
957 3868 1114 3945 millibus
1140 3895 1206 3944 an·

153 4009 312 4064 norum,
345 4007 414 4082 qua
434 3981 479 4057 de
508 4005 546 4056 re
573 3982 695 4081 iaepius
712 3984 786 4079 agit
804 3981 837 4058 S.
862 3983 1080 4081 Augustinus
1108 3985 1207 4056 eius-

153 4099 236 4177 dem
267 4101 375 4173 etiom
392 4096 609 4197 aliquando,
641 4111 681 4173 ut
698 4118 744 4172 ex
769 4093 933 4181 sermone
960 4115 1051 4190 259.
1083 4109 1207 4190 patet,

1072 4204 1152 4285 seo·

194 4438 228 4507 ὠ
249 4415 299 4497 fib·
323 4414 388 4482 Vli-
406 4420 435 4485 in
455 4417 526 4483 Lon.
540 4438 570 4484 n.
587 4425 617 4485 6·
631 4414 667 4484 T.
684 4417 707 4484 1.
725 4436 754 4501 p.
772 4433 861 4497 ¹4¹2·
