2506 4958
155 244 158 249 ·
220 240 374 319 regnum
398 212 529 313 contri
544 218 585 296 in
609 220 731 306 terris,
751 238 781 298 t.
808 162 934 299 terri.
1045 240 1104 314 ‘39
1175 259 1179 267 ·

143 379 299 461 Perinde
322 384 430 461 etiam
465 379 491 459 fi
523 384 716 484 antiquum
756 383 983 461 constantem
1009 382 1107 465 cete,

56 495 286 575 brendorum
309 509 564 573 conventuum
582 493 904 574 ecclefiasticorum
924 495 984 573 seu
1008 519 1106 573 con·-

59 607 232 689 ciliorum
264 608 432 685 ordinem
469 598 695 708 spesle'mus,
743 611 772 684 is
806 632 885 688 non
919 611 1035 708 magis
1066 614 1105 688 in
1135 684 1137 688 .

60 720 138 798 hoc
156 734 345 798 conventu
362 718 592 820 Mogunrino
620 721 838 822 conspicuus
858 722 929 798 dici
960 723 1105 821 potuit:

59 834 127 913 ubi
159 848 431 933 preterquam,
491 831 594 931 quod
633 836 853 911 communio
883 832 1104 912 hierarchica

57 944 329 1046 austoritasque
364 943 534 1023 inviolata
571 941 667 1021 haud
696 946 840 1036 ‘fuerit3
899 946 1109 1025 conventus

60 1060 91 1134 is
105 1070 204 1144 erat,
226 1057 287 1135 seu
312 1059 462 1134 comitia
487 1059 695 1158 principum
729 1060 873 1158 imperii
898 1058 1109 1138 Germanici

62 1168 201 1270 procul
218 1193 237 1245 a
252 1168 371 1245 forma
396 1168 454 1245 illa
475 1193 516 1247 ac
539 1170 628 1258 usu,
659 1174 723 1272 qui
740 1171 804 1249 sub
824 1194 944 1270 regno
963 1169 1110 1249 Franci·
1236 1190 1240 1197 ·

60 1304 111 1360 co
136 1282 321 1367 obtinuit,
342 1282 493 1381 quando
517 1281 737 1362 ecclesiastici
765 1298 802 1361 et
832 1284 972 1385 politici
1002 1284 1109 1384 regui

61 1417 234 1495 proceres
259 1391 363 1471 srmul
396 1412 668 1484 convenerant,
708 1396 913 1497 utrimque}
953 1418 1035 1498 quae
1055 1395 1110 1475 sui

60 1505 136 1583 fori
174 1519 294 1593 erant,
337 1506 615 1605 pertractantes,
657 1532 699 1585 ac
728 1510 796 1586 suis
822 1513 860 1587 in
888 1505 1106 1587 consessrbus

63 1619 203 1695 mutuis
230 1617 263 1695 se
284 1615 437 1696 consiliis
459 1634 495 1697 et
513 1644 625 1718 opera
651 1622 825 1699 iuvantes.
885 1617 996 1699 Erant
1018 1637 1112 1699 tunc

68 1730 241 1831 equidem
262 1728 471 1829 Moguntiae
501 1731 702 1808 exordiae
730 1731 955 1810 hierarchico
979 1748 1111 1832 praeter
1150 1748 1153 1753 ’

65 1838 316 1921 Bafileenmm
351 1843 521 1939 legatos,
565 1864 725 1941 quorum
771 1856 882 1942 caput
913 1842 1112 1940 patriarcha

71 1950 310 2052 Aquileiensrs
331 1952 519 2029 nobilitate
542 1954 685 2051 generis
705 1953 854 2054 quidem
876 1952 1043 2041 illustris,
1073 1962 1113 2032 et

59 2064 281 2144 cardinalem
312 2064 347 2140 S.
366 2063 461 2142 Petri
488 2063 532 2140 ad
558 2062 743 2154 Vincula,
781 2067 955 2168 quicum
982 2063 1111 2165 legatis
1184 2105 1186 2109 ·

61 2176 199 2255 caesaris
217 2175 428 2263 advenerat,
449 2173 718 2277 Moguntinus,
752 2174 1001 2266 Trevirensis,
1030 2177 1109 2257 Co·
1181 2220 1184 2227 ·

63 2285 257 2376 lonienfis,
299 2290 512 2390 principes,
555 2287 724 2366 elestores
757 2304 794 2368 et
835 2289 1109 2393 archiepiscopi.

64 2394 278 2480 Triumviri
301 2402 374 2489 isti,
416 2399 476 2479 etsi
497 2403 599 2479 variis
623 2403 892 2501 tempestatibus
922 2427 991 2504 pro
1015 2418 1110 2480 tem·

64 2537 200 2615 porum
222 2514 368 2592 illorum
388 2516 575 2614 iniquitate
595 2513 731 2599 indari,
752 2513 986 2594 Colonienfis
1012 2540 1108 2617 quo·

66 2651 140 2727 que
172 2642 208 2702 et
241 2623 461 2702 Trevirensrs
487 2627 537 2701 ob
564 2623 831 2702 neutralitatem
866 2626 1110 2708 aGermaniae

66 2738 294 2841 principibus
333 2737 529 2836 susceptam
566 2738 610 2812 ab
655 2735 822 2834 Eugenio
860 2738 1107 2829 exauctorati,

65 2846 289 2928 reconciliati
310 2862 431 2924 tamen
446 2852 604 2934 iterum,
628 2848 778 2947 perinde
800 2871 842 2927 ac
858 2846 1109 2947 Mogontinur

67 2962 344 3039 communionis
364 2962 458 3037 inter
476 2960 641 3039 summos
659 2957 820 3039 Ecclesrae
837 2965 993 3063 pastores
1014 2987 1109 3065 pon·
1229 2956 1252 2989 ⁸

69 3072 206 3153 tificem
233 3087 268 3150 et
294 3072 519 3172 episcopos,
564 3097 633 3150 nec
658 3076 694 3149 in
724 3072 797 3152 hoc
822 3091 1008 3181 conventu
1042 3080 1111 3153 im·

69 3210 276 3274 memores,
309 3185 483 3263 studiosos
508 3183 541 3261 se
571 3188 608 3262 io
636 3185 803 3264 tollendo
830 3186 1014 3268 schismate
1043 3188 1110 3266 Fe·

70 3300 204 3375 liciano
238 3299 580 3375 commonstrarunt.
639 3298 771 3377 Aderat
802 3316 917 3398 porro
946 3325 1112 3378 conten.

71 3413 126 3488 tui
159 3408 388 3508 Moguntino
424 3409 659 3498 Pataviensrs,
710 3408 951 3499 Lubecensrs,
983 3430 1018 3490 et
1039 3413 1111 3490 Au-

74 3519 247 3623 gultenfis
266 3523 451 3624 episcopi,
501 3537 628 3624 praeter
648 3524 737 3611 hos,
768 3526 831 3625 qui
853 3524 986 3601 caesaris
1009 3538 1111 3629 erant
1184 3517 1186 3521 ⁸

74 3635 207 3732 legati,
238 3632 466 3713 Turonensis
496 3634 746 3735 archipresul,
776 3652 812 3714 et
829 3634 1016 3714 Trecenfis
1034 3640 1111 3739 epi-

77 3747 180 3844 scopi
209 3743 423 3837 Gallorum,
464 3747 688 3828 Conchenlis
713 3746 981 3850 Hispanorum,
1013 3749 1112 3828 Albi.
1181 3852 1184 3856 .

75 3854 288 3961 gaunensrs,
332 3858 617 3942 Mediolanensrs
650 3878 841 3951 oratores,
891 3879 928 3943 et
953 3862 1110 3941 aliorum

543 4004 577 4088 C
606 4028 636 4099 4
956 4008 1069 4115 prin-'
