2512 4620
46 44 53 277 i

61 262 80 305 S

419 136 818 291 i'RAEFATlO.

46 370 51 463 f
106 392 196 463 tur,
231 338 380 452 ¹omnes
398 386 440 451 et
462 357 633 475 fingulas
655 359 842 449 Ecetenas
862 362 1134 456 demonstrant

105 480 296 568 attinere:
325 478 406 588 Qui
427 473 534 559 habet
558 502 686 559 aurem
710 474 865 573 audiat,
906 478 1002 589 quid
1018 480 1133 593 spiri.
1251 488 1254 493 “

47 582 49 609 '
107 608 169 674 tus
182 588 289 675 dicat
304 584 486 696 Eccleftis.
503 596 625 700 Apoc.
646 586 744 690 11.7.
769 586 809 672 id
827 589 940 702 quod
959 617 1033 703 per
1054 593 1132 680 fin·

47 770 49 793 .
106 698 224 816 gulas
247 703 443 814 repetitur
466 697 662 812 epistolas.
937 748 940 753 -

193 863 467 949 Continentur
488 886 611 971 porro
630 858 692 944 his
710 856 884 972 epistolis
903 862 1035 948 omnis
1060 890 1134 976 ge-

107 978 216 1061 neris
238 970 420 1085 exempla
440 969 654 1085 vigilantiae
669 997 738 1057 aut
752 970 906 1057 defidiae
926 973 1133 1086 pastorum

105 1115 201 1201 quae
227 1083 439 1171 laudantur
468 1109 537 1168 aut
565 1084 875 1196 vituperantur3
925 1078 1134 1196 profectus

106 1222 178 1284 aut
200 1194 380 1291 defectus
404 1192 688 1292 Eeclefiarum,
758 1223 819 1281 uae
844 1197 1134 1282 commendan-

106 1334 177 1395 tur
192 1333 263 1395 aut
284 1306 603 1419 redarguuntur:
638 1305 717 1389 five
729 1221 965 1419 ipeoentur
992 1308 1133 1394 Eccle-

102 1416 614 1531 ‚fiaecumsuisangelisseu
631 1416 847 1530 episcopis,
876 1422 947 1531 qui
963 1415 1131 1506 fuerunt

103 1558 157 1618 eo
181 1557 386 1645 tempure,
412 1557 498 1644 qno
515 1527 665 1641 scripsrt
683 1529 723 1615 S.
738 1530 925 1625 loannes,
952 1530 1003 1617 ad
1017 1516 1133 1645 qnod

105 1670 241 1730 arvum
271 1642 389 1737 sunt,
429 1645 500 1756 qui
530 1667 740 1754 perperam
763 1655 780 1747 (
795 1640 978 1727 nonnulii
1011 1647 1133 1734 etiam

103 1753 272 1840 exilium
291 1757 330 1841 S.
345 1754 501 1840 loannis
519 1756 558 1836 in
579 1751 745 1837 insulam
765 1754 924 1840 Patmos
940 1753 989 1840 ad
1007 1754 1134 1842 Clau-

102 1865 162 1951 dii
178 1870 233 1953 im
266 1892 521 1953 ,revocantes
536 1870 552 1961 )
568 1866 611 1949 in
628 1863 868 1977 Apocalypsi
892 1865 1058 1951 describi
1076 1864 1134 1953 fa·

103 2002 144 2064 ta
170 1977 214 2063 iu
244 2005 398 2064 aeorum
425 1974 599 2069 volunt,
627 1973 913 2087 excidiumque
939 1978 1134 2063 Hieroso-

103 2084 1133 2197 lmwwffimfflmwm·

139 2202 314 2288 ationem
348 2199 421 2287 sec.
446 2202 497 2287 V.
525 2199 772 2311 restringunt
801 2198 951 2311 septem
983 2199 1134 2313 sigilla,

104 2314 252 2409 tubas,
277 2338 320 2398 et
341 2309 510 2426 phialas5
549 2308 610 2395 aiii
644 2309 728 2395 haec
763 2310 1005 2409 extendunt,
1033 2311 1133 2397 diri-

104 2426 286 2538 bentque
314 2452 388 2539 per
417 2423 589 2536 epochas
615 2451 637 2507 a
663 2426 792 2532 prima
817 2422 994 2509 Ecclesia
1018 2450 1131 2511 aetate

106 2564 238 2651 usqne
264 2537 314 2622 ud
337 2537 720 2622 consummationem
753 2534 884 2620 seculi.
941 2539 1031 2621 Nec
1054 2540 1133 2620 ob.

104 2650 184 2744 est,
212 2650 312 2761 quin
335 2650 508 2761 quisque
533 2673 584 2730 ex
611 2646 849 2757 Apocalypsi
877 2646 945 2730 fibi
970 2649 1131 2761 colligat

104 2760 185 2844 five
213 2763 432 2871 generatim
461 2759 537 2843 five
559 2756 781 2868 fingillatim
802 2784 876 2869 per
898 2761 1008 2843 statas
1030 2788 1133 2871 epo·

104 2870 219 2968 chaS,
246 2898 336 2984 quae
352 2872 442 2956 sunt
460 2869 508 2954 ad
527 2866 892 3065 suumprofectum
909 2896 976 2953 aut
992 2871 1133 2956 Eccle-

105 2984 192 3079 siae,
220 3006 345 3178 prout
367 3008 464 3068 mox
483 2984 523 3066 in
548 3009 646 3065 exor
676 2986 714 3066 io
732 2981 1042 3094 depraedicatur:
1072 2991 1134 3068 A·

136 3119 198 3180 oc.

102 3121 239 3317 {herde
262 3206 401 3303 huius,
435 3226 473 3289 et
489 3205 626 3313 seruat
650 3234 714 3301 eo,
756 3233 838 3318 quae
859 3205 900 3287 in
922 3234 968 3288 ea
993 3202 1134 3317 scripta

100 3315 224 3427 fient,
264 3337 406 3429 tempus
424 3319 521 3400 enim
536 3336 649 3428 prope
674 3312 733 3419 est.
807 3315 1027 3401 Salubriter
1053 3317 1134 3403 hoe

107 3431 306 3539 imprimis
330 3428 377 3512 ad
408 3429 522 3513 suum
550 3456 745 3513 terrorem
774 3424 967 3524 facerent,
995 3433 1065 3542 qui
1093 3433 1136 3514 in

107 3540 320 3625 Ecclesiam
346 3544 476 3624 ininn‘i
499 3541 611 3634 sitm,
654 3541 751 3623 dum
776 3564 945 3624 cernunt
971 3540 1135 3651 fingulis

108 3654 217 3736 tubis
234 3650 557 3763 persecutionum
590 3651 846 3778 pedisequam
866 3649 943 3737 esse
957 3650 1134 3765 phialam

107 3763 216 3849 suam
232 3762 379 3849 divinae
397 3763 580 3849 vindictae
603 3767 642 3846 in
655 3768 942 3874 persecutores,
1000 3764 1134 3848 Pasto-

106 3874 172 3961 tes
190 3872 371 3963 Ecciefiae
392 3902 437 3962 ac
461 3874 595 3960 fideles
616 3879 764 3964 monita
788 3877 1025 3990 cumprimis
1044 3874 1137 3958 atti-

1008 4010 1079 4075 net

242 3159 250 3179 .
271 3122 306 3202 3.
333 3096 476 3177 Beatus
494 3094 560 3206 qui
579 3095 690 3201 legit,
726 3114 764 3176 et
784 3092 893 3177 audit
912 3092 1032 3177 verba
1045 3113 1133 3205 pro.
