2506 4958
108 328 111 333 Ι
223 246 378 331 'ragnum
405 223 536 319 carrae
558 229 730 309 interris
752 250 782 308 c.
809 213 954 309 XXW.
1014 165 1099 312 ΞΠ
1231 217 1242 231 ’

53 386 394 498 tempsatatholicis
421 382 556 470 restitui
581 388 743 479 iusserat,
775 384 863 472 dum
887 392 978 473 filius
1002 407 1097 474 con.
1237 417 1244 433 ·

50 512 111 591 tra
130 510 215 610 sege
243 508 322 585 data
349 504 549 583 libertatem
568 505 690 603 possea
716 503 824 590 fecit,
851 505 920 583 sese
941 530 1099 607 congrae
1154 568 1161 599 x

55 623 193 726 gandi,
223 623 266 696 iis
296 620 487 704 omnibus,
519 618 649 715 quibus
679 617 830 694 eandem
859 617 1098 705 Constantius
1154 634 1156 639 ’

56 732 160 814 dedit
187 731 268 834 post
311 728 510 808 concilium
546 724 801 818 Ariminense,
850 732 937 810 teste
972 722 1098 824 uisso.

56 862 254 926 zomeno:
281 899 302 937 „
318 841 412 920 Mihi
434 834 581 941 quidem
601 844 637 916 in
656 839 834 920 laicorum
855 839 985 921 ordine
1004 872 1097 928 com

57 1017 82 1055 „
112 961 237 1037 stitnto
257 954 310 1033 fae
329 976 405 1032 non
427 953 497 1039 est.
529 951 734 1030 huiusmodi
753 959 901 1054 negotia
920 958 1097 1042 curiosius
1169 964 1172 969 ’

56 1126 80 1168 ,,
112 1069 280 1150 scrutari:
310 1065 521 1145 Sacerdotes
543 1086 655 1154 vero,
682 1067 812 1167 quibus
839 1069 875 1144 id
902 1090 997 1150 curae
1022 1075 1097 1169 est,

57 1240 82 1279 „
111 1179 255 1260 seorsim
270 1182 479 1279 ubicunque
490 1177 691 1266 voluerint,
718 1186 937 1258 conveniant
950 1239 982 1276 „.
1011 1180 1100 1269 Hoc

58 1319 134 1399 prae
156 1293 271 1372 oculis
296 1290 414 1393 posrto
433 1292 467 1369 S.
487 1288 696 1369 Ambrosios
711 1292 940 1394 respondens
961 1294 1000 1383 b)
1020 1301 1098 1382 ait:

58 1465 82 1503 „
112 1421 155 1486 ut
179 1408 333 1484 arbitror
360 1417 620 1502 competenter.
680 1398 761 1482 Nec
789 1405 977 1507 quisquam
1005 1421 1099 1492 con.

58 1579 82 1616 „
114 1536 294 1598 tumacem
315 1540 376 1593 me
394 1518 552 1594 iudicare
569 1517 697 1602 debet,
729 1540 814 1595 cum
834 1517 907 1596 hoc
923 1510 1096 1619 adseram,

58 1691 82 1728 „
113 1631 214 1735 quod
240 1629 396 1729 augustae
425 1630 611 1706 memoriae
641 1641 741 1729 pater
766 1646 848 1707 tuus
875 1655 953 1708 non
979 1634 1100 1720 susum

59 1803 84 1840 „
115 1745 284 1823 sermone
308 1742 513 1840 respondit,
544 1740 731 1817 sedetiam
761 1728 904 1839 legibus
929 1745 997 1822 suis
1023 1748 1100 1845 sape

60 1915 85 1953 „
115 1859 191 1933 xit:
222 1857 259 1931 in
288 1854 387 1932 causa
415 1851 497 1929 fidei
530 1852 585 1928 rel
621 1851 839 1929 ecclesiastici
862 1854 1012 1935 alicuius
1039 1846 1101 1936 ors

61 2027 86 2065 ‚‚
117 1969 209 2045 dinis
244 1991 327 2044 eum
360 1965 517 2043 iudicare
545 1963 697 2050 debere,
747 1970 811 2064 qui
847 1988 916 2043 nec
947 1992 1101 2054 munere

60 2138 85 2178 ,‚
115 2085 231 2179 impar
256 2076 317 2165 srt,
350 2101 416 2155 nec
441 2080 518 2154 iure
541 2072 735 2168 diffinitum
766 2075 843 2152 haec
870 2081 966 2156 enim
991 2085 1100 2167 rerba

61 2248 87 2290 ‚‚
116 2193 275 2294 rescripti
312 2191 414 2277 suot,
445 2188 518 2266 hoc
541 2189 608 2274 est,
641 2186 839 2283 sacerdotes
864 2189 909 2268 de
932 2193 1099 2275 sacerdo·

62 2364 86 2400 „
117 2308 212 2384 tibus
238 2301 352 2381 voluit
375 2302 540 2379 iudicate.
589 2299 693 2395 Quin
720 2294 827 2378 etiam
849 2299 874 2378 fi
896 2303 979 2382 alias
1004 2332 1100 2408 quo.
1231 2319 1234 2327 ’

63 2475 87 2512 ,,
117 2442 188 2519 que
211 2428 421 2515 argueretur
444 2412 654 2513 episcopus,
685 2424 722 2489 et
748 2438 894 2491 morum
914 2416 997 2495 esset
1018 2445 1103 2501 exa.

60 2589 84 2626 „
119 2528 286 2606 minanda
315 2526 436 2613 causa,
467 2529 572 2603 etiam
593 2524 669 2602 haec
690 2525 804 2604 voluit
831 2528 875 2603 ad
895 2531 1101 2634 episcopale

63 2701 86 2738 „
117 2641 290 2719 indicium
328 2642 506 2738 pertinere
522 2694 555 2730 „.
632 2636 727 2714 Mox
762 2636 930 2736 ipsrssrmis
961 2643 1034 2720 sere
1065 2648 1101 2726 S.

66 2750 245 2834 Athanasii
269 2752 386 2828 verbis
410 2753 548 2835 utitur,
578 2772 657 2849 quaa
677 2747 797 2825 Patres
819 2750 1102 2834 San-Mourena

66 2859 120 2943 see
150 2866 386 2941 adnotarunt:
435 2859 584 2964 erondu
612 2884 634 2934 a
666 2860 803 2936 condito
834 2885 906 2936 avo
937 2866 1102 2945 nuditum

66 2975 141 3070 ess?
170 2975 320 3079 Quando
354 2975 525 3049 iudicium
552 2969 697 3060 Ecclesae
730 2974 975 3051 auoorirmem
994 2977 1105 3076 fuum
1184 2982 1185 2989 ’

66 3091 232 3185 occepit?
263 3086 456 3171 Enimvero
487 3101 587 3161 cavet
620 3089 656 3160 in
682 3108 728 3161 eo
753 3085 936 3176 sermone,
967 3090 1103 3191 nequid

66 3219 196 3280 contra
209 3199 360 3277 honoris
391 3199 599 3297 imperatori
617 3195 727 3273 debiti
747 3203 886 3276 veniam
919 3202 1104 3301 proferat,

70 3309 228 3391 studiose
248 3328 368 3388 tamen
396 3311 439 3386 ad
466 3308 573 3386 finem
597 3309 708 3411 usque
734 3310 891 3388 insistens
917 3311 950 3401 c)
980 3311 1104 3392 Eccle.

66 3424 153 3503 fiam
190 3422 261 3502 Dei
297 3419 390 3508 esse,
434 3421 548 3498 caesari
582 3446 659 3497 eanr
696 3444 772 3498 non
804 3425 934 3501 debere
963 3428 1102 3507 addici:

66 3595 90 3632 „
122 3535 244 3632 Quia,
273 3533 454 3631 (subdit)
476 3537 529 3612 ius
553 3533 686 3641 caesaris
708 3531 872 3612 essenon
897 3540 1015 3637 potest
1030 3538 1105 3620 Dei
1129 3560 1132 3571 ·

67 3707 91 3745 ,,
122 3646 312 3748 templum.
372 3645 488 3739 Quod
524 3669 608 3723 cum
644 3645 923 3727 honorificentia
952 3653 1107 3750 impera*-

68 3819 93 3857 „
124 3764 214 3840 toris
242 3758 377 3838 dicium
399 3781 511 3837 nemo
535 3759 654 3856 potest
676 3781 818 3858 negare.
878 3759 982 3856 Quid
1005 3767 1105 3842 enim

517 3866 611 3951 02
950 3875 1055 3970 „ho-

111 4029 148 4104 α)
169 4025 234 4091 Lib.
256 4024 308 4089 vs.
330 4045 356 4089 c
385 4039 414 4101 7.
498 4026 531 4101 b)
556 4021 608 4102 Ep.
632 4023 720 4088 XXI.
743 4023 787 4092 ct
811 4023 837 4099 s.
858 4025 895 4095 t.
922 4026 960 4095 ss.
981 4047 1011 4110 p.
1035 4037 1108 4107 δύο.

111 4115 144 4193 a)
164 4128 195 4177 u.
224 4128 271 4192 35.
300 4123 332 4175 et
354 4115 403 4194 36.
428 4107 506 4174 circa
527 4105 614 4173 aneu
633 4125 665 4190 p.
687 4119 760 4193 873,
