2512 4620
261 237 412 313 regnum
436 203 565 305 corella·
582 216 761 295 interris.
780 232 808 294 e.
829 208 947 301 XLV.
1037 236 1113 320 ¹9³
1220 162 1224 169 Ι

71 398 198 459 tanum
216 379 450 457 obfirmatum
474 378 524 457 eil
548 378 660 485 paulo
685 370 768 480 poll
786 376 931 461 schisma
949 379 1113 467 Ecclehae

69 491 280 581 orientalis,
313 490 507 591 paulatim,
539 508 581 570 ut
598 482 720 591 pallltn
748 494 785 569 ln
809 493 886 573 hoc
913 512 1028 596 opere
1044 521 1113 578 no-

71 608 246 692 tavimus,
267 602 455 681 indullum
469 603 701 682 aemulati'one
714 620 818 683 novae
832 602 978 697 Romae.
999 628 1112 710 quam

70 719 302 805 diiiitabant,
329 728 458 795 coorta
481 730 640 793 veterem
668 708 826 794 Romam
852 716 971 798 sedem
989 719 1109 812 Petri,

70 829 239 908 cathedra
259 845 388 906 contra
414 824 621 905 cathedram
650 816 786 928 polita,
817 842 924 933 rupta
942 852 1114 914 commu.

71 946 185 1019 nione
202 944 295 1017 inter
311 939 473 1018 summos
499 930 663 1020 ricctefiae
678 942 864 1043 pastores.
895 943 1112 1043 pontificem

72 1052 341 1153 aepiscopus,
373 1070 483 1153 quam
502 1051 631 1130 frustra
658 1068 858 1134 concutere
882 1053 1052 1135 hactenus
1073 1061 1114 1138 in

73 1163 283 1245 Occidente
307 1163 391 1241 lunt
412 1161 552 1242 connili
578 1163 728 1243 curiales
753 1164 901 1267 quidam
923 1164 1110 1260 flamines,

71 1280 280 1355 incentores
314 1272 585 1354 novisslmarum
609 1270 918 1368 contentionum.
950 1278 1113 1361 summor

70 1386 236 1470 Eccleliae
278 1382 436 1488 pastores
465 1386 542 1467 hoc
565 1383 690 1468 seculo
718 1393 758 1467 in
796 1384 1021 1481 Germania,
1070 1409 1116 1479 ur

71 1504 256 1606 praeterito
277 1504 315 1577 in
337 1492 473 1592 Gallia,
494 1518 581 1579 cum
599 1500 681 1582 sede
704 1497 800 1583 Petri
817 1500 983 1583 Romana
1008 1526 1114 1584 com·

72 1612 272 1691 mittendo:
293 1610 432 1692 collaris
448 1614 556 1690 etiarn
570 1616 691 1715 operis
708 1616 745 1689 in
757 1614 995 1714 quibusdam,
1016 1634 1113 1719 quor

70 1728 373 1815 memoravimus,
392 1725 522 1802 habitis
535 1726 800 1814 conuentibus,
817 1746 896 1802 non
911 1729 1015 1804 irrito
1031 1730 1115 1831 qui·

65 1839 155 1915 dem
181 1841 337 1914 omnino
369 1849 534 1920 conatu,
580 1832 667 1911 Deo
693 1825 959 1914 hierarcharum
992 1851 1115 1920 tamen

70 1962 213 2029 mentes
236 1942 390 2047 adpacis
413 1945 752 2047 conciliationisqtre
769 1946 882 2023 studia
896 1947 1114 2046 inclinante3

71 2060 111 2151 a)
130 2076 170 2137 ut
187 2080 274 2136 vero
292 2074 468 2136 revocatae
491 2061 586 2135 inter
615 2052 851 2136 hierarchiam
876 2058 997 2139 seculo
1019 2057 1112 2140 XV.
1242 2092 1246 2099 ¹

71 2176 352 2257 contentiones.
386 2172 519 2272 quibus
542 2169 698 2248 concilia
716 2162 813 2249 illius
826 2175 890 2250 aeri
904 2171 984 2249 sunt
999 2168 1118 2252 suffla·

71 2289 226 2372 minata,
243 2307 310 2359 nos
324 2295 498 2370 terreant,
510 2284 643 2384 quibus
659 2276 871 2384 posthabitis
883 2287 920 2362 in
932 2284 992 2363 SS.
1006 2306 1114 2365 conc.

71 2396 293 2477 Tridentino
310 2389 461 2474 Ecclelia
481 2391 837 2585 occidentaliwter
855 2394 994 2475 summa
1020 2400 1116 2498 peri-

72 2502 154 2588 cula
169 2512 205 2585 in
224 2524 307 2588 tuto
329 2505 441 2607 nosrta
457 2508 525 2585 fuit
540 2509 579 2583 in
596 2528 722 2585 comm
778 2510 863 2584 ione
886 2507 1116 2589 summotum

71 2619 234 2702 Eccleiiae
252 2620 456 2720 pallorum,
479 2614 662 2719 pontilicis
675 2632 711 2694 er
726 2618 1005 2718 episcoporum
1025 2621 1115 2699 dum
1133 2696 1137 2701 .

73 2751 225 2811 econtra
256 2726 406 2808 Eccleiia
430 2728 615 2807 orientalia
650 2724 733 2831 post
755 2726 954 2808 restitutam
983 2730 1116 2811 eodem

72 2847 140 2924 sec.
167 2840 257 2921 XV.
288 2845 325 2921 in
354 2838 513 2919 concilio
534 2832 750 2918 Florentino
768 2838 920 2918 feliciter
948 2842 1116 2921 eamdem

72 2958 379 3036 communionem
408 2977 450 3029 ac
473 2951 600 3030 fatiam
630 2972 718 3031 cum
750 2943 904 3031 Ecclesia
936 2952 1117 3033 catholica

75 3073 251 3148 unionem
281 3066 387 3145 unlus
412 3064 487 3142 fere
519 3062 764 3165 metropolitae
794 3062 912 3142 Marci
949 3056 1117 3164 Epheiini

76 3182 230 3259 faiiione
248 3178 372 3256 eadem
394 3175 588 3263 excidens,
609 3175 806 3257 recidivant
821 3170 912 3276 palla
928 3176 988 3255 est.
1020 3176 1118 3273 Quat

78 3297 211 3372 merito
226 3303 382 3369 terreant
392 3313 475 3377 coe,
492 3290 556 3392 qui
571 3289 783 3365 inanimum
797 3306 989 3378 revocant,
1005 3308 1118 3392 quum

79 3407 195 3507 parvis
212 3405 339 3491 initiis,
363 3400 451 3480 dum
472 3402 508 3478 in
526 3400 600 3499 syn.
618 3396 758 3500 cpolin
777 3389 805 3480 l·
824 3399 1025 3504 Cpoliran'o
1042 3404 1120 3502 epi·

79 3517 193 3615 scopo
211 3512 382 3613 πρισβὲια
396 3502 452 3601 erla
477 3506 574 3613 eruic
591 3504 671 3612 post
688 3508 845 3590 Romam
869 3527 1013 3593 tantum
1037 3510 1121 3595 lunt

79 3616 271 3713 concello.
302 3640 358 3702 res
379 3646 425 3702 eo
449 3622 594 3705 tandem
615 3625 809 3703 devenerit.

79 3740 189 3820 Tou.
222 3730 267 3813 ll.
569 3728 609 3813 N
932 3724 1058 3815 Graeca

79 3855 116 3932 u)
138 3851 212 3927 Quae
235 3842 292 3909 hoc
308 3864 372 3924 cap.
393 3834 524 3909 diximus
537 3835 575 3908 arl
590 3856 651 3909 rem
665 3836 935 3989 ‘eonffimlllelrffi’
970 3862 1036 3945 quc
1054 3860 1120 3925 erp.

124 3933 217 4083 tn
237 3927 969 4094 iniurientur:narn
