2512 4620
264 235 416 312 mnam
436 207 802 321 Ciniiibinttrritt.
830 212 1009 296 XLVIII.
1068 237 1152 315 m
1220 208 1225 213 ’

110 369 159 456 ad
181 372 378 455 Ezechielis
393 399 471 474 cap.
491 372 655 460 XXXV
658 373 720 454 lli.
742 376 817 461 &n
833 377 1017 459 observat:
1045 405 1148 462 cnm·

108 509 183 591 que
207 491 315 566 varias
331 486 483 566 notasset
501 490 713 590 opiniones.
744 512 853 566 unam
872 491 917 569 de
936 491 1143 586 Antiocho,
1232 576 1236 583 ,

107 600 257 681 aiteram
279 599 329 676 de
351 599 510 687 Tuscis,
554 602 695 679 tertiam
719 599 765 675 de
790 600 1031 690 Antichristo,
1071 605 1144 707 ipse

108 710 326 811 prophetam
358 710 407 790 de
433 711 607 788 omnibus
642 709 952 813 persecutionibus
982 713 1144 804 Ecclehae

106 825 364 922 interpretatur
389 824 489 911 iuxta
521 818 801 924 Hieronymum.
862 823 902 902 ln
941 826 1018 926 ipso
1049 852 1141 931 uero

105 933 321 1033 amplissimo
336 937 605 1013 commentario
617 938 653 1011 in
672 933 817 1036 Apocal.
833 932 929 1016 XX.
949 939 1139 1045 postquam
1171 937 1174 942 ’

104 1069 192 1123 cum
225 1045 369 1123 Pererio
397 1043 599 1149 explosilset
623 1049 839 1148 opinionem
871 1072 1028 1140 eorum,
1074 1055 1141 1158 qui

104 1157 394 1261 persecutionem
411 1157 504 1236 hanc
519 1159 567 1235 ari
579 1157 691 1236 susam
712 1155 995 1257 persecutionem
1013 1160 1142 1244 aan·

104 1272 158 1346 cis
180 1288 216 1346 et
238 1263 378 1350 Mauris
403 1284 573 1370 tempore
586 1269 791 1349 Antichristi
820 1275 999 1371 pertinere
1021 1277 1140 1355 exiiii-

106 1398 230 1468 mant,
262 1382 355 1482 ipse,
376 1405 486 1482 quem
517 1380 736 1463 Menochius
765 1397 803 1461 et
830 1380 979 1465 Tirinus
1010 1411 1056 1464 err
1080 1412 1140 1467 ea·

102 1491 187 1570 dem
215 1492 297 1571 Soc.
317 1492 392 1570 lesu
419 1492 640 1594 sequuntur.
672 1494 814 1595 mystici
826 1492 927 1598 Gogi
947 1513 983 1575 et
1006 1494 1139 1599 silaga-

103 1607 142 1703 gi
168 1628 243 1682 non
265 1607 410 1683 unicam
431 1603 545 1683 solum
579 1607 698 1683 innuit
726 1604 944 1706 peculiarem
965 1627 1136 1708 gentem.

102 1715 164 1794 sed
196 1719 362 1795 nationes
392 1740 521 1793 omnes
553 1715 616 1793 sub
644 1716 853 1798 Antichristi
881 1720 1021 1797 vexillis
1042 1723 1138 1803 mili·
1240 1730 1251 1743 ‘

99 1847 239 1922 tantem
267 1851 336 1909 nec
355 1830 571 1926 praecipuam
602 1844 741 1928 partem
765 1827 971 1929 Antichristi
999 1838 1137 1915 exerci.

99 1954 161 2017 tus
193 1963 239 2016 ex
268 1938 411 2039 Scythis
435 1934 635 2019 conflatum
663 1939 707 2014 iri
728 1954 842 2039 putat.
899 1939 1024 2021 Taceo
1052 1967 1137 2045 per.

99 2049 285 2148 vulgatam
314 2072 445 2127 eornm
468 2072 580 2125 anon
603 2050 726 2150 paucis
754 2048 879 2129 seculis
900 2052 1133 2144 sententiam.

98 2166 164 2262 qui
196 2161 336 2239 dudum
366 2162 468 2259 regni
494 2160 645 2240 Tusciui
678 2164 862 2239 interitum
900 2167 1135 2244 vaticinatum

99 2273 350 2375 prestolantur
374 2292 459 2351 aute
484 2269 672 2351 nouissima
698 2273 904 2358 Antichristi
930 2291 1105 2378 tempora

157 2435 205 2516 At
233 2437 420 2512 enimvero
439 2434 496 2513 alii
524 2431 719 2517 noeiffinis
744 2438 969 2536 temporibus
994 2436 1135 2525 'surca-

97 2572 180 2625 rum
213 2572 266 2624 res
295 2547 495 2625 admodum
531 2545 796 2646 amplificandas
817 2550 1038 2637 existimant,
1071 2555 1135 2652 qui

97 2662 239 2761 antiqui
276 2658 439 2743 Romani
468 2659 610 2756 imperii
645 2655 893 2756 amplissimam
916 2663 959 2735 in
978 2658 1134 2743 Oriente

97 2791 238 2873 partem
273 2770 439 2852 hailenus
469 2782 605 2848 tenent
664 2767 885 2851 Nocturnus
909 2789 1135 2853 commenta·

97 2901 160 2961 tor
185 2887 222 2957 in
243 2880 393 2983 Apocai.
428 2880 462 2961 S.
482 2877 627 2960 loannis
652 2876 741 2979 sape
765 2882 893 2961 citatus
915 2880 1133 2963 Palloriniut

97 2997 289 3096 presbyter
319 2991 537 3090 Angsicanus
562 2993 645 3095 plus
661 2992 753 3071 uitta
769 2993 1050 3092 prorogandum
1065 2998 1133 3071 im.

95 3109 238 3208 perium
260 3103 607 3187 Turcicum-contra
622 3102 738 3202 spem.
767 3127 808 3182 ac
827 3121 933 3193 vota,
962 3125 1134 3207 uatesque

93 3217 308 3300 christianos
347 3214 553 3297 seculorum
588 3213 928 3295 Mahomedanismo
957 3218 1133 3318 pollutio·

97 3354 208 3416 rum,
239 3331 425 3408 ominrtur
439 3350 516 3427 cap.
534 3325 586 3409 X
615 3329 750 3427 inquo
772 3326 905 3407 sextam
925 3328 1133 3409 nouissmro·

98 3463 182 3516 rum
212 3455 422 3543 temporum
451 3437 636 3541 epocham
669 3439 826 3540 explicat
865 3457 992 3541 aperto
1027 3441 1131 3518 sexto

97 3549 241 3650 sigilio,
272 3553 458 3633 insonante
474 3551 568 3631 l'erta
590 3549 694 3639 tuba,
723 3575 765 3631 ae
785 3550 880 3629 sexta
902 3553 1022 3651 phiala
1041 3552 1132 3633 eliu-

97 3666 156 3741 sa:
189 3677 384 3764 putatque.
430 3663 613 3767 paradoxe
635 3662 835 3748 admodum
870 3686 945 3764 pru
970 3664 1130 3765 presenti

97 3798 222 3856 rerum
240 3774 356 3862 tntu.
393 3772 469 3854 sieri
489 3772 609 3874 posse,
642 3791 685 3856 ut.
701 3791 882 3872 occupato
909 3800 1027 3875 regno
1045 3775 1135 3855 Rus-

96 3885 176 3965 srco
210 3883 341 3967 Turta
374 3884 435 3969 fibi
472 3890 512 3964 in
550 3902 675 3965 catera
704 3886 989 3992 septentrionalia
1021 3911 1139 3986 regna
1184 3976 1188 3985 ,

581 3994 608 4077 Ρ
640 4015 662 4085 3
1039 4006 1131 4076 riam
