<?xml version="1.0" encoding="UTF-8"?>
<!DOCTYPE html PUBLIC "-//W3C//DTD XHTML 1.0 Transitional//EN"
    "http://www.w3.org/TR/xhtml1/DTD/xhtml1-transitional.dtd">
<html xmlns="http://www.w3.org/1999/xhtml" xml:lang="en" lang="en">
 <head>
  <title>
</title>
<meta http-equiv="Content-Type" content="text/html;charset=utf-8" />
  <meta name='ocr-system' content='tesseract 3.04.00' />
  <meta name='ocr-capabilities' content='ocr_page ocr_carea ocr_par ocr_line ocrx_word'/>
</head>
<body>
  <div class='ocr_page' id='page_1' title='image "./ecclesiamilitan01gerbgoog_0288.png"; bbox 0 0 2506 4958; ppageno 0'>
   <div class='ocr_carea' id='block_1_1' title="bbox 263 204 1199 318">
    <p class='ocr_par' dir='ltr' id='par_1_1' title="bbox 263 204 1199 318">
     <span class='ocr_line' id='line_1_1' title="bbox 263 204 1199 318; baseline 0.006 -23"><span class='ocrx_word' id='word_1_1' title='bbox 263 240 414 318; x_wconf 83' lang='lat' dir='ltr'><strong>regnum</strong></span> <span class='ocrx_word' id='word_1_2' title='bbox 437 204 566 304; x_wconf 60' lang='lat' dir='ltr'><strong>&amp;bridi</strong></span> <span class='ocrx_word' id='word_1_3' title='bbox 590 217 633 291; x_wconf 79' lang='lat' dir='ltr'><strong>in</strong></span> <span class='ocrx_word' id='word_1_4' title='bbox 646 217 757 293; x_wconf 74' lang='lat' dir='ltr'><strong>terrie</strong></span> <span class='ocrx_word' id='word_1_5' title='bbox 782 237 810 304; x_wconf 73' lang='lat' dir='ltr'><strong>e</strong></span> <span class='ocrx_word' id='word_1_6' title='bbox 837 213 963 308; x_wconf 56' lang='lat' dir='ltr'><strong>XXX</strong></span> <span class='ocrx_word' id='word_1_7' title='bbox 1064 231 1143 313; x_wconf 79' lang='lat'><strong>265</strong></span> <span class='ocrx_word' id='word_1_8' title='bbox 1195 287 1199 301; x_wconf 86' lang='lat'>.</span> 
     </span>
    </p>
   </div>
   <div class='ocr_carea' id='block_1_2' title="bbox 100 370 1250 4179">
    <p class='ocr_par' dir='ltr' id='par_1_2' title="bbox 102 370 1146 484">
     <span class='ocr_line' id='line_1_2' title="bbox 102 370 1146 484; baseline -0.007 -19"><span class='ocrx_word' id='word_1_9' title='bbox 102 445 128 484; x_wconf 81' lang='lat'>„</span> <span class='ocrx_word' id='word_1_10' title='bbox 156 385 243 464; x_wconf 82' lang='lat' dir='ltr'><strong>iicet</strong></span> <span class='ocrx_word' id='word_1_11' title='bbox 269 370 339 460; x_wconf 85' lang='lat' dir='ltr'><strong>iam</strong></span> <span class='ocrx_word' id='word_1_12' title='bbox 362 381 531 482; x_wconf 79' lang='lat' dir='ltr'><strong>spoliatos</strong></span> <span class='ocrx_word' id='word_1_13' title='bbox 558 394 666 480; x_wconf 86' lang='lat' dir='ltr'><strong>atque</strong></span> <span class='ocrx_word' id='word_1_14' title='bbox 680 377 853 466; x_wconf 75' lang='lat' dir='ltr'><strong>vastatos,</strong></span> <span class='ocrx_word' id='word_1_15' title='bbox 886 381 1146 459; x_wconf 82' lang='lat' dir='ltr'><strong>minustamen</strong></span> 
     </span>
    </p>

    <p class='ocr_par' dir='ltr' id='par_1_3' title="bbox 105 490 1147 597">
     <span class='ocr_line' id='line_1_3' title="bbox 105 490 1147 597; baseline -0.004 -21"><span class='ocrx_word' id='word_1_16' title='bbox 105 490 131 597; x_wconf 36' lang='grc' dir='ltr'><strong>ς,</strong></span> <span class='ocrx_word' id='word_1_17' title='bbox 161 495 301 576; x_wconf 81' lang='lat' dir='ltr'><strong>evetius</strong></span> <span class='ocrx_word' id='word_1_18' title='bbox 322 497 426 570; x_wconf 86' lang='lat' dir='ltr'>rebus</span> <span class='ocrx_word' id='word_1_19' title='bbox 450 490 574 578; x_wconf 70' lang='lat' dir='ltr'><strong>fuisse,</strong></span> <span class='ocrx_word' id='word_1_20' title='bbox 603 515 711 592; x_wconf 86' lang='lat' dir='ltr'><strong>quam</strong></span> <span class='ocrx_word' id='word_1_21' title='bbox 732 492 908 579; x_wconf 81' lang='lat' dir='ltr'><strong>motibus.</strong></span> <span class='ocrx_word' id='word_1_22' title='bbox 971 492 1147 587; x_wconf 73' lang='lat' dir='ltr'><strong>Quamvis</strong></span> 
     </span>
    </p>

    <p class='ocr_par' dir='ltr' id='par_1_4' title="bbox 105 603 1150 708">
     <span class='ocr_line' id='line_1_4' title="bbox 105 603 1150 708; baseline -0.01 -20"><span class='ocrx_word' id='word_1_23' title='bbox 105 670 132 708; x_wconf 81' lang='lat'>„</span> <span class='ocrx_word' id='word_1_24' title='bbox 163 612 259 688; x_wconf 85' lang='lat' dir='ltr'><strong>enim</strong></span> <span class='ocrx_word' id='word_1_25' title='bbox 279 605 507 706; x_wconf 79' lang='lat' dir='ltr'><strong>depopulatis</strong></span> <span class='ocrx_word' id='word_1_26' title='bbox 525 606 594 681; x_wconf 90' lang='lat' dir='ltr'><strong>iam</strong></span> <span class='ocrx_word' id='word_1_27' title='bbox 610 619 718 704; x_wconf 84' lang='lat' dir='ltr'><strong>atque</strong></span> <span class='ocrx_word' id='word_1_28' title='bbox 739 603 881 681; x_wconf 89' lang='lat' dir='ltr'><strong>nudatis</strong></span> <span class='ocrx_word' id='word_1_29' title='bbox 901 605 1035 705; x_wconf 85' lang='lat' dir='ltr'><strong>aliquid</strong></span> <span class='ocrx_word' id='word_1_30' title='bbox 1045 606 1150 705; x_wconf 58' lang='lat' dir='ltr'><strong>supe„</strong></span> 
     </span>
    </p>

    <p class='ocr_par' dir='ltr' id='par_1_5' title="bbox 105 714 1146 821">
     <span class='ocr_line' id='line_1_5' title="bbox 105 714 1146 821; baseline -0.003 -22"><span class='ocrx_word' id='word_1_31' title='bbox 105 781 133 821; x_wconf 79' lang='lat'><strong>,‚</strong></span> <span class='ocrx_word' id='word_1_32' title='bbox 162 735 255 799; x_wconf 83' lang='lat' dir='ltr'><strong>terat</strong></span> <span class='ocrx_word' id='word_1_33' title='bbox 287 720 331 796; x_wconf 91' lang='lat' dir='ltr'><strong>de</strong></span> <span class='ocrx_word' id='word_1_34' title='bbox 354 717 562 806; x_wconf 87' lang='lat' dir='ltr'><strong>substantia,</strong></span> <span class='ocrx_word' id='word_1_35' title='bbox 593 714 683 791; x_wconf 87' lang='lat' dir='ltr'><strong>nihil</strong></span> <span class='ocrx_word' id='word_1_36' title='bbox 709 730 830 792; x_wconf 82' lang='lat' dir='ltr'><strong>tamen</strong></span> <span class='ocrx_word' id='word_1_37' title='bbox 863 717 908 792; x_wconf 90' lang='lat' dir='ltr'><strong>de</strong></span> <span class='ocrx_word' id='word_1_38' title='bbox 940 716 1146 815; x_wconf 81' lang='lat' dir='ltr'><strong>disciplina,</strong></span> 
     </span>
    </p>

    <p class='ocr_par' dir='ltr' id='par_1_6' title="bbox 106 827 1147 932">
     <span class='ocr_line' id='line_1_6' title="bbox 106 827 1147 932; baseline -0.001 -21"><span class='ocrx_word' id='word_1_39' title='bbox 106 893 134 931; x_wconf 78' lang='lat'>„</span> <span class='ocrx_word' id='word_1_40' title='bbox 161 835 253 911; x_wconf 86' lang='lat' dir='ltr'><strong>adeo</strong></span> <span class='ocrx_word' id='word_1_41' title='bbox 269 833 452 932; x_wconf 82' lang='lat' dir='ltr'><strong>graviores</strong></span> <span class='ocrx_word' id='word_1_42' title='bbox 474 831 510 904; x_wconf 93' lang='lat' dir='ltr'><strong>in</strong></span> <span class='ocrx_word' id='word_1_43' title='bbox 525 827 634 904; x_wconf 85' lang='lat' dir='ltr'><strong>semet</strong></span> <span class='ocrx_word' id='word_1_44' title='bbox 658 827 776 904; x_wconf 84' lang='lat' dir='ltr'><strong>hoiiea</strong></span> <span class='ocrx_word' id='word_1_45' title='bbox 796 831 955 905; x_wconf 82' lang='lat' dir='ltr'><strong>extemis</strong></span> <span class='ocrx_word' id='word_1_46' title='bbox 984 829 1147 910; x_wconf 80' lang='lat' dir='ltr'><strong>hostibus</strong></span> 
     </span>
    </p>

    <p class='ocr_par' dir='ltr' id='par_1_7' title="bbox 103 937 1149 1047">
     <span class='ocr_line' id='line_1_7' title="bbox 103 937 1149 1047; baseline -0.001 -24"><span class='ocrx_word' id='word_1_47' title='bbox 103 1005 132 1047; x_wconf 83' lang='lat'><em>„</em></span> <span class='ocrx_word' id='word_1_48' title='bbox 161 959 288 1030; x_wconf 84' lang='lat' dir='ltr'><strong>erant,</strong></span> <span class='ocrx_word' id='word_1_49' title='bbox 321 957 361 1021; x_wconf 89' lang='lat' dir='ltr'><strong>ut</strong></span> <span class='ocrx_word' id='word_1_50' title='bbox 379 942 462 1018; x_wconf 83' lang='lat' dir='ltr'><strong>licet</strong></span> <span class='ocrx_word' id='word_1_51' title='bbox 485 965 502 1016; x_wconf 91' lang='lat' dir='ltr'><strong>a</strong></span> <span class='ocrx_word' id='word_1_52' title='bbox 519 940 673 1016; x_wconf 77' lang='lat' dir='ltr'><strong>baubat-is</strong></span> <span class='ocrx_word' id='word_1_53' title='bbox 693 942 764 1017; x_wconf 90' lang='lat' dir='ltr'><strong>iam</strong></span> <span class='ocrx_word' id='word_1_54' title='bbox 782 937 892 1018; x_wconf 79' lang='lat' dir='ltr'><strong>everfi</strong></span> <span class='ocrx_word' id='word_1_55' title='bbox 916 939 1050 1029; x_wconf 77' lang='lat' dir='ltr'><strong>effent,</strong></span> <span class='ocrx_word' id='word_1_56' title='bbox 1079 943 1149 1022; x_wconf 83' lang='lat' dir='ltr'><strong>ase</strong></span> 
     </span>
    </p>

    <p class='ocr_par' dir='ltr' id='par_1_8' title="bbox 100 1049 1148 1156">
     <span class='ocr_line' id='line_1_8' title="bbox 100 1049 1148 1156; baseline -0.001 -21"><span class='ocrx_word' id='word_1_57' title='bbox 100 1051 138 1156; x_wconf 55' lang='grc' dir='ltr'><strong>ζ,</strong></span> <span class='ocrx_word' id='word_1_58' title='bbox 159 1072 280 1135; x_wconf 85' lang='lat' dir='ltr'><strong>tamen</strong></span> <span class='ocrx_word' id='word_1_59' title='bbox 296 1056 410 1152; x_wconf 84' lang='lat' dir='ltr'><strong>magis</strong></span> <span class='ocrx_word' id='word_1_60' title='bbox 424 1065 680 1129; x_wconf 76' lang='lat' dir='ltr'>everterentur.</span> <span class='ocrx_word' id='word_1_61' title='bbox 739 1049 914 1152; x_wconf 83' lang='lat' dir='ltr'>Lugubre</span> <span class='ocrx_word' id='word_1_62' title='bbox 926 1055 976 1131; x_wconf 85' lang='lat' dir='ltr'><strong>est</strong></span> <span class='ocrx_word' id='word_1_63' title='bbox 993 1054 1148 1145; x_wconf 84' lang='lat' dir='ltr'>referre,</span> 
     </span>
    </p>

    <p class='ocr_par' dir='ltr' id='par_1_9' title="bbox 109 1162 1151 1271">
     <span class='ocr_line' id='line_1_9' title="bbox 109 1162 1151 1271; baseline -0.003 -24"><span class='ocrx_word' id='word_1_64' title='bbox 109 1227 135 1264; x_wconf 92' lang='lat'>„</span> <span class='ocrx_word' id='word_1_65' title='bbox 164 1193 245 1271; x_wconf 82' lang='lat' dir='ltr'><strong>quae</strong></span> <span class='ocrx_word' id='word_1_66' title='bbox 262 1169 434 1251; x_wconf 83' lang='lat' dir='ltr'><strong>vidimus.</strong></span> <span class='ocrx_word' id='word_1_67' title='bbox 456 1165 553 1248; x_wconf 75' lang='lat' dir='ltr'><strong>senes</strong></span> <span class='ocrx_word' id='word_1_68' title='bbox 572 1162 803 1252; x_wconf 75' lang='lat' dir='ltr'><strong>honoratos,</strong></span> <span class='ocrx_word' id='word_1_69' title='bbox 831 1164 1035 1266; x_wconf 82' lang='lat' dir='ltr'><strong>decrepitos</strong></span> <span class='ocrx_word' id='word_1_70' title='bbox 1056 1165 1151 1244; x_wconf 62' lang='lat' dir='ltr'><strong>chri,</strong></span> 
     </span>
    </p>

    <p class='ocr_par' dir='ltr' id='par_1_10' title="bbox 108 1277 1181 1385">
     <span class='ocr_line' id='line_1_10' title="bbox 108 1277 1181 1385; baseline 0.001 -28"><span class='ocrx_word' id='word_1_71' title='bbox 108 1339 137 1382; x_wconf 56' lang='lat'><strong>,2</strong></span> <span class='ocrx_word' id='word_1_72' title='bbox 165 1283 334 1366; x_wconf 87' lang='lat' dir='ltr'><strong>stianos,</strong></span> <span class='ocrx_word' id='word_1_73' title='bbox 384 1280 598 1354; x_wconf 84' lang='lat' dir='ltr'>imminente</span> <span class='ocrx_word' id='word_1_74' title='bbox 642 1278 712 1354; x_wconf 88' lang='lat' dir='ltr'><strong>iam</strong></span> <span class='ocrx_word' id='word_1_75' title='bbox 753 1277 954 1357; x_wconf 80' lang='lat' dir='ltr'>admodum</span> <span class='ocrx_word' id='word_1_76' title='bbox 996 1281 1181 1385; x_wconf 73' lang='lat' dir='ltr'><strong>civitatie</strong></span> 
     </span>
    </p>

    <p class='ocr_par' dir='ltr' id='par_1_11' title="bbox 111 1387 1151 1490">
     <span class='ocr_line' id='line_1_11' title="bbox 111 1387 1151 1490; baseline 0 -21"><span class='ocrx_word' id='word_1_77' title='bbox 111 1451 137 1490; x_wconf 82' lang='lat'>„</span> <span class='ocrx_word' id='word_1_78' title='bbox 167 1392 334 1477; x_wconf 84' lang='lat' dir='ltr'><strong>excidio,</strong></span> <span class='ocrx_word' id='word_1_79' title='bbox 364 1389 460 1488; x_wconf 82' lang='lat' dir='ltr'>gulae</span> <span class='ocrx_word' id='word_1_80' title='bbox 476 1404 511 1466; x_wconf 92' lang='lat' dir='ltr'><strong>et</strong></span> <span class='ocrx_word' id='word_1_81' title='bbox 522 1387 666 1466; x_wconf 74' lang='lat' dir='ltr'><strong>lasciviae</strong></span> <span class='ocrx_word' id='word_1_82' title='bbox 685 1388 875 1469; x_wconf 78' lang='lat' dir='ltr'>servientes</span> <span class='ocrx_word' id='word_1_83' title='bbox 893 1447 935 1483; x_wconf 84' lang='lat'><strong>‚,..</strong></span> <span class='ocrx_word' id='word_1_84' title='bbox 971 1389 1151 1470; x_wconf 85' lang='lat' dir='ltr'><strong>idemiib·</strong></span> 
     </span>
    </p>

    <p class='ocr_par' dir='ltr' id='par_1_12' title="bbox 111 1500 1151 1591">
     <span class='ocr_line' id='line_1_12' title="bbox 111 1500 1151 1591; baseline -0.001 -8"><span class='ocrx_word' id='word_1_85' title='bbox 111 1501 293 1584; x_wconf 71' lang='lat' dir='ltr'><strong>rum-vu.</strong></span> <span class='ocrx_word' id='word_1_86' title='bbox 325 1501 371 1578; x_wconf 86' lang='lat' dir='ltr'><strong>de</strong></span> <span class='ocrx_word' id='word_1_87' title='bbox 390 1500 716 1579; x_wconf 71' lang='lat' dir='ltr'><strong>Gnaeum-moue</strong></span> <span class='ocrx_word' id='word_1_88' title='bbox 736 1500 814 1580; x_wconf 84' lang='lat' dir='ltr'><strong>Dm</strong></span> <span class='ocrx_word' id='word_1_89' title='bbox 832 1501 1006 1591; x_wconf 82' lang='lat' dir='ltr'><strong>exorsus,</strong></span> <span class='ocrx_word' id='word_1_90' title='bbox 1027 1504 1151 1582; x_wconf 86' lang='lat' dir='ltr'><strong>obiec-</strong></span> 
     </span>
    </p>

    <p class='ocr_par' dir='ltr' id='par_1_13' title="bbox 111 1612 1151 1718">
     <span class='ocr_line' id='line_1_13' title="bbox 111 1612 1151 1718; baseline 0.001 -25"><span class='ocrx_word' id='word_1_91' title='bbox 111 1621 253 1702; x_wconf 86' lang='lat' dir='ltr'><strong>tionem</strong></span> <span class='ocrx_word' id='word_1_92' title='bbox 282 1613 376 1690; x_wconf 84' lang='lat' dir='ltr'><strong>iilam</strong></span> <span class='ocrx_word' id='word_1_93' title='bbox 396 1613 601 1690; x_wconf 74' lang='lat' dir='ltr'><strong>solvendam</strong></span> <span class='ocrx_word' id='word_1_94' title='bbox 622 1612 782 1714; x_wconf 76' lang='lat' dir='ltr'><strong>suscipit.</strong></span> <span class='ocrx_word' id='word_1_95' title='bbox 815 1639 886 1716; x_wconf 89' lang='lat' dir='ltr'><strong>qua</strong></span> <span class='ocrx_word' id='word_1_96' title='bbox 907 1615 1003 1693; x_wconf 78' lang='lat' dir='ltr'><strong>forte</strong></span> <span class='ocrx_word' id='word_1_97' title='bbox 1016 1618 1151 1718; x_wconf 85' lang='lat' dir='ltr'>cuique</span> 
     </span>
    </p>

    <p class='ocr_par' dir='ltr' id='par_1_14' title="bbox 113 1712 1245 1835">
     <span class='ocr_line' id='line_1_14' title="bbox 113 1712 1245 1835; baseline -0.001 -29"><span class='ocrx_word' id='word_1_98' title='bbox 113 1731 154 1806; x_wconf 91' lang='lat' dir='ltr'><strong>in</strong></span> <span class='ocrx_word' id='word_1_99' title='bbox 176 1743 333 1805; x_wconf 85' lang='lat' dir='ltr'><strong>mentem</strong></span> <span class='ocrx_word' id='word_1_100' title='bbox 353 1728 497 1813; x_wconf 80' lang='lat' dir='ltr'><strong>ueniat,</strong></span> <span class='ocrx_word' id='word_1_101' title='bbox 521 1782 543 1817; x_wconf 86' lang='lat'>„</span> <span class='ocrx_word' id='word_1_102' title='bbox 570 1724 655 1802; x_wconf 87' lang='lat' dir='ltr'><strong>hinc</strong></span> <span class='ocrx_word' id='word_1_103' title='bbox 681 1727 837 1804; x_wconf 83' lang='lat' dir='ltr'><strong>maxime</strong></span> <span class='ocrx_word' id='word_1_104' title='bbox 853 1729 1021 1835; x_wconf 82' lang='lat' dir='ltr'><strong>probari,</strong></span> <span class='ocrx_word' id='word_1_105' title='bbox 1046 1728 1152 1830; x_wconf 80' lang='lat' dir='ltr'><strong>qued</strong></span> <span class='ocrx_word' id='word_1_106' title='bbox 1242 1712 1245 1727; x_wconf 70' lang='grc'>’</span> 
     </span>
    </p>

    <p class='ocr_par' dir='ltr' id='par_1_15' title="bbox 112 1835 1193 1939">
     <span class='ocr_line' id='line_1_15' title="bbox 112 1835 1193 1939; baseline 0 -21"><span class='ocrx_word' id='word_1_107' title='bbox 112 1897 137 1936; x_wconf 82' lang='lat'><strong>,‚</strong></span> <span class='ocrx_word' id='word_1_108' title='bbox 166 1864 241 1917; x_wconf 86' lang='lat' dir='ltr'><strong>uon</strong></span> <span class='ocrx_word' id='word_1_109' title='bbox 262 1839 419 1938; x_wconf 84' lang='lat' dir='ltr'><strong>respiciat</strong></span> <span class='ocrx_word' id='word_1_110' title='bbox 438 1862 493 1913; x_wconf 83' lang='lat' dir='ltr'><strong>res</strong></span> <span class='ocrx_word' id='word_1_111' title='bbox 521 1837 693 1913; x_wconf 88' lang='lat' dir='ltr'><strong>humanas</strong></span> <span class='ocrx_word' id='word_1_112' title='bbox 709 1835 836 1924; x_wconf 87' lang='lat' dir='ltr'>Deus.</span> <span class='ocrx_word' id='word_1_113' title='bbox 868 1841 952 1939; x_wconf 90' lang='lat' dir='ltr'><strong>quia</strong></span> <span class='ocrx_word' id='word_1_114' title='bbox 968 1864 1052 1917; x_wconf 85' lang='lat' dir='ltr'><strong>cum</strong></span> <span class='ocrx_word' id='word_1_115' title='bbox 1075 1839 1154 1918; x_wconf 67' lang='lat' dir='ltr'><strong>un.</strong></span> <span class='ocrx_word' id='word_1_116' title='bbox 1188 1912 1193 1924; x_wconf 82' lang='grc'><strong>,</strong></span> 
     </span>
    </p>

    <p class='ocr_par' dir='ltr' id='par_1_16' title="bbox 111 1944 1151 2052">
     <span class='ocr_line' id='line_1_16' title="bbox 111 1944 1151 2052; baseline -0.001 -23"><span class='ocrx_word' id='word_1_117' title='bbox 111 1944 137 2047; x_wconf 75' lang='grc'><strong>,’,</strong></span> <span class='ocrx_word' id='word_1_118' title='bbox 168 1954 264 2029; x_wconf 83' lang='lat' dir='ltr'><strong>mani</strong></span> <span class='ocrx_word' id='word_1_119' title='bbox 280 1950 464 2052; x_wconf 80' lang='lat' dir='ltr'><strong>quondam</strong></span> <span class='ocrx_word' id='word_1_120' title='bbox 478 1949 607 2048; x_wconf 82' lang='lat' dir='ltr'><strong>pagani</strong></span> <span class='ocrx_word' id='word_1_121' title='bbox 619 1963 655 2024; x_wconf 92' lang='lat' dir='ltr'><strong>et</strong></span> <span class='ocrx_word' id='word_1_122' title='bbox 666 1951 837 2036; x_wconf 83' lang='lat' dir='ltr'><strong>vicerint,</strong></span> <span class='ocrx_word' id='word_1_123' title='bbox 857 1963 894 2026; x_wconf 82' lang='lat' dir='ltr'><strong>et</strong></span> <span class='ocrx_word' id='word_1_124' title='bbox 908 1954 1151 2050; x_wconf 84' lang='lat' dir='ltr'><strong>regnaverint.</strong></span> 
     </span>
    </p>

    <p class='ocr_par' dir='ltr' id='par_1_17' title="bbox 113 2058 1155 2162">
     <span class='ocr_line' id='line_1_17' title="bbox 113 2058 1155 2162; baseline 0 -21"><span class='ocrx_word' id='word_1_125' title='bbox 113 2058 138 2159; x_wconf 69' lang='grc'><strong>,’,</strong></span> <span class='ocrx_word' id='word_1_126' title='bbox 168 2088 266 2142; x_wconf 88' lang='lat' dir='ltr'><strong>nunc</strong></span> <span class='ocrx_word' id='word_1_127' title='bbox 279 2063 458 2140; x_wconf 87' lang='lat' dir='ltr'><strong>christiani</strong></span> <span class='ocrx_word' id='word_1_128' title='bbox 473 2075 508 2137; x_wconf 92' lang='lat' dir='ltr'><strong>et</strong></span> <span class='ocrx_word' id='word_1_129' title='bbox 525 2063 725 2148; x_wconf 86' lang='lat' dir='ltr'><strong>vincantur,</strong></span> <span class='ocrx_word' id='word_1_130' title='bbox 739 2074 776 2137; x_wconf 79' lang='lat' dir='ltr'><strong>et</strong></span> <span class='ocrx_word' id='word_1_131' title='bbox 795 2059 947 2138; x_wconf 65' lang='lat' dir='ltr'><strong>serviant</strong></span> <span class='ocrx_word' id='word_1_132' title='bbox 960 2118 993 2155; x_wconf 84' lang='lat'><strong>‚,.</strong></span> <span class='ocrx_word' id='word_1_133' title='bbox 1026 2060 1070 2140; x_wconf 85' lang='lat' dir='ltr'><strong>Et</strong></span> <span class='ocrx_word' id='word_1_134' title='bbox 1084 2086 1155 2162; x_wconf 46' lang='grc' dir='ltr'><strong>ρο,</strong></span> 
     </span>
    </p>

    <p class='ocr_par' dir='ltr' id='par_1_18' title="bbox 118 2173 1250 2273">
     <span class='ocr_line' id='line_1_18' title="bbox 118 2173 1250 2273; baseline -0.001 -18"><span class='ocrx_word' id='word_1_135' title='bbox 118 2178 188 2255; x_wconf 80' lang='lat' dir='ltr'><strong>stea</strong></span> <span class='ocrx_word' id='word_1_136' title='bbox 203 2200 232 2254; x_wconf 88' lang='lat' dir='ltr'><strong>e.</strong></span> <span class='ocrx_word' id='word_1_137' title='bbox 253 2188 287 2261; x_wconf 85' lang='lat'><strong>8.</strong></span> <span class='ocrx_word' id='word_1_138' title='bbox 305 2175 349 2251; x_wconf 90' lang='lat' dir='ltr'><strong>de</strong></span> <span class='ocrx_word' id='word_1_139' title='bbox 367 2173 522 2250; x_wconf 84' lang='lat' dir='ltr'><strong>barbaris</strong></span> <span class='ocrx_word' id='word_1_140' title='bbox 534 2173 704 2272; x_wconf 84' lang='lat' dir='ltr'><strong>gentibus</strong></span> <span class='ocrx_word' id='word_1_141' title='bbox 721 2174 954 2273; x_wconf 81' lang='lat' dir='ltr'><strong>quaest-ionem</strong></span> <span class='ocrx_word' id='word_1_142' title='bbox 968 2175 1154 2257; x_wconf 74' lang='lat' dir='ltr'><strong>instituens</strong></span> <span class='ocrx_word' id='word_1_143' title='bbox 1247 2204 1250 2215; x_wconf 89' lang='lat'>·</span> 
     </span>
    </p>

    <p class='ocr_par' dir='ltr' id='par_1_19' title="bbox 115 2282 1155 2395">
     <span class='ocr_line' id='line_1_19' title="bbox 115 2282 1155 2395; baseline -0.002 -29"><span class='ocrx_word' id='word_1_144' title='bbox 115 2291 268 2391; x_wconf 82' lang='lat' dir='ltr'><strong>quaeritz-</strong></span> <span class='ocrx_word' id='word_1_145' title='bbox 295 2343 316 2378; x_wconf 88' lang='lat'>„</span> <span class='ocrx_word' id='word_1_146' title='bbox 357 2284 459 2395; x_wconf 76' lang='lat' dir='ltr'><strong>Quid</strong></span> <span class='ocrx_word' id='word_1_147' title='bbox 483 2285 551 2371; x_wconf 86' lang='lat' dir='ltr'><strong>est,</strong></span> <span class='ocrx_word' id='word_1_148' title='bbox 580 2284 684 2385; x_wconf 85' lang='lat' dir='ltr'><strong>quod</strong></span> <span class='ocrx_word' id='word_1_149' title='bbox 708 2282 810 2363; x_wconf 87' lang='lat' dir='ltr'>Deus</span> <span class='ocrx_word' id='word_1_150' title='bbox 840 2285 959 2362; x_wconf 79' lang='lat' dir='ltr'><strong>noster</strong></span> <span class='ocrx_word' id='word_1_151' title='bbox 980 2291 1155 2364; x_wconf 81' lang='lat' dir='ltr'><strong>maximae</strong></span> 
     </span>
    </p>

    <p class='ocr_par' dir='ltr' id='par_1_20' title="bbox 118 2395 1158 2498">
     <span class='ocr_line' id='line_1_20' title="bbox 118 2395 1158 2498; baseline 0.002 -24"><span class='ocrx_word' id='word_1_152' title='bbox 118 2457 143 2494; x_wconf 80' lang='lat'>„</span> <span class='ocrx_word' id='word_1_153' title='bbox 174 2399 377 2498; x_wconf 77' lang='lat' dir='ltr'><strong>reipublicae</strong></span> <span class='ocrx_word' id='word_1_154' title='bbox 397 2422 485 2497; x_wconf 87' lang='lat' dir='ltr'>opes</span> <span class='ocrx_word' id='word_1_155' title='bbox 504 2411 538 2471; x_wconf 88' lang='lat' dir='ltr'><strong>et</strong></span> <span class='ocrx_word' id='word_1_156' title='bbox 553 2395 848 2496; x_wconf 84' lang='lat' dir='ltr'><strong>locupletiffimos</strong></span> <span class='ocrx_word' id='word_1_157' title='bbox 866 2395 1022 2476; x_wconf 89' lang='lat' dir='ltr'><strong>Romani</strong></span> <span class='ocrx_word' id='word_1_158' title='bbox 1036 2404 1158 2476; x_wconf 68' lang='lat' dir='ltr'><strong>nomi.</strong></span> 
     </span>
    </p>

    <p class='ocr_par' dir='ltr' id='par_1_21' title="bbox 114 2507 1154 2613">
     <span class='ocr_line' id='line_1_21' title="bbox 114 2507 1154 2613; baseline 0.002 -26"><span class='ocrx_word' id='word_1_159' title='bbox 114 2569 139 2608; x_wconf 82' lang='lat'><strong>,‚</strong></span> <span class='ocrx_word' id='word_1_160' title='bbox 169 2516 224 2587; x_wconf 87' lang='lat' dir='ltr'><strong>nis</strong></span> <span class='ocrx_word' id='word_1_161' title='bbox 252 2510 411 2613; x_wconf 87' lang='lat' dir='ltr'>populus</span> <span class='ocrx_word' id='word_1_162' title='bbox 442 2512 478 2596; x_wconf 91' lang='lat' dir='ltr'><strong>in</strong></span> <span class='ocrx_word' id='word_1_163' title='bbox 500 2512 554 2595; x_wconf 84' lang='lat' dir='ltr'><strong>ius</strong></span> <span class='ocrx_word' id='word_1_164' title='bbox 586 2507 806 2609; x_wconf 85' lang='lat' dir='ltr'><strong>potiiiimum</strong></span> <span class='ocrx_word' id='word_1_165' title='bbox 843 2510 1154 2608; x_wconf 80' lang='lat' dir='ltr'><strong>ignaviffimorum</strong></span> 
     </span>
    </p>

    <p class='ocr_par' dir='ltr' id='par_1_22' title="bbox 120 2610 1221 2724">
     <span class='ocr_line' id='line_1_22' title="bbox 120 2610 1221 2724; baseline -0.008 -23"><span class='ocrx_word' id='word_1_166' title='bbox 120 2681 144 2718; x_wconf 82' lang='lat'><strong>,‚</strong></span> <span class='ocrx_word' id='word_1_167' title='bbox 175 2623 362 2724; x_wconf 87' lang='lat' dir='ltr'><strong>quondam</strong></span> <span class='ocrx_word' id='word_1_168' title='bbox 374 2621 530 2710; x_wconf 84' lang='lat' dir='ltr'><strong>hostium</strong></span> <span class='ocrx_word' id='word_1_169' title='bbox 556 2619 676 2707; x_wconf 81' lang='lat' dir='ltr'><strong>dedit?</strong></span> <span class='ocrx_word' id='word_1_170' title='bbox 708 2619 834 2724; x_wconf 81' lang='lat' dir='ltr'><strong>Quid?</strong></span> <span class='ocrx_word' id='word_1_171' title='bbox 853 2619 1157 2721; x_wconf 70' lang='lat' dir='ltr'><strong>nistutagnusce.</strong></span> <span class='ocrx_word' id='word_1_172' title='bbox 1217 2610 1221 2623; x_wconf 83' lang='grc'><strong>’</strong></span> 
     </span>
    </p>

    <p class='ocr_par' dir='ltr' id='par_1_23' title="bbox 115 2731 1156 2831">
     <span class='ocr_line' id='line_1_23' title="bbox 115 2731 1156 2831; baseline 0.002 -20"><span class='ocrx_word' id='word_1_173' title='bbox 115 2792 140 2830; x_wconf 80' lang='grc'><strong>,,</strong></span> <span class='ocrx_word' id='word_1_174' title='bbox 171 2759 288 2827; x_wconf 79' lang='lat' dir='ltr'><strong>temus</strong></span> <span class='ocrx_word' id='word_1_175' title='bbox 308 2732 456 2825; x_wconf 81' lang='lat' dir='ltr'><strong>scilieet,</strong></span> <span class='ocrx_word' id='word_1_176' title='bbox 489 2732 590 2831; x_wconf 91' lang='lat' dir='ltr'><strong>quod</strong></span> <span class='ocrx_word' id='word_1_177' title='bbox 607 2731 817 2831; x_wconf 81' lang='lat' dir='ltr'><strong>supradixi,</strong></span> <span class='ocrx_word' id='word_1_178' title='bbox 849 2738 1063 2815; x_wconf 83' lang='lat' dir='ltr'><strong>meriturum</strong></span> <span class='ocrx_word' id='word_1_179' title='bbox 1082 2736 1156 2813; x_wconf 88' lang='lat' dir='ltr'><strong>hnc</strong></span> 
     </span>
    </p>

    <p class='ocr_par' dir='ltr' id='par_1_24' title="bbox 116 2841 1156 2943">
     <span class='ocr_line' id='line_1_24' title="bbox 116 2841 1156 2943; baseline 0.002 -22"><span class='ocrx_word' id='word_1_180' title='bbox 116 2904 141 2943; x_wconf 79' lang='grc'><strong>,,</strong></span> <span class='ocrx_word' id='word_1_181' title='bbox 167 2844 283 2931; x_wconf 70' lang='lat' dir='ltr'><strong>fuisse,</strong></span> <span class='ocrx_word' id='word_1_182' title='bbox 316 2870 391 2929; x_wconf 88' lang='lat' dir='ltr'><strong>non</strong></span> <span class='ocrx_word' id='word_1_183' title='bbox 422 2847 577 2931; x_wconf 85' lang='lat' dir='ltr'><strong>vitium,</strong></span> <span class='ocrx_word' id='word_1_184' title='bbox 614 2857 726 2943; x_wconf 90' lang='lat' dir='ltr'>utque</span> <span class='ocrx_word' id='word_1_185' title='bbox 754 2841 868 2941; x_wconf 83' lang='lat' dir='ltr'><strong>ipsum</strong></span> <span class='ocrx_word' id='word_1_186' title='bbox 897 2844 969 2923; x_wconf 91' lang='lat' dir='ltr'><strong>hoc</strong></span> <span class='ocrx_word' id='word_1_187' title='bbox 996 2848 1100 2925; x_wconf 89' lang='lat' dir='ltr'><strong>nobis</strong></span> <span class='ocrx_word' id='word_1_188' title='bbox 1119 2850 1156 2923; x_wconf 93' lang='lat' dir='ltr'><strong>in</strong></span> 
     </span>
    </p>

    <p class='ocr_par' dir='ltr' id='par_1_25' title="bbox 117 2955 1157 3059">
     <span class='ocr_line' id='line_1_25' title="bbox 117 2955 1157 3059; baseline -0.003 -23"><span class='ocrx_word' id='word_1_189' title='bbox 117 3016 142 3054; x_wconf 89' lang='lat'>„</span> <span class='ocrx_word' id='word_1_190' title='bbox 172 2955 421 3046; x_wconf 83' lang='lat' dir='ltr'><strong>confufiunem</strong></span> <span class='ocrx_word' id='word_1_191' title='bbox 449 2956 592 3047; x_wconf 86' lang='lat' dir='ltr'><strong>caderet</strong></span> <span class='ocrx_word' id='word_1_192' title='bbox 609 2968 646 3035; x_wconf 92' lang='lat' dir='ltr'><strong>et</strong></span> <span class='ocrx_word' id='word_1_193' title='bbox 666 2978 826 3054; x_wconf 83' lang='lat' dir='ltr'><strong>paenam.</strong></span> <span class='ocrx_word' id='word_1_194' title='bbox 859 2958 961 3057; x_wconf 87' lang='lat' dir='ltr'><strong>quod</strong></span> <span class='ocrx_word' id='word_1_195' title='bbox 982 2956 1157 3059; x_wconf 83' lang='lat' dir='ltr'><strong>ignavissi-</strong></span> 
     </span>
    </p>

    <p class='ocr_par' dir='ltr' id='par_1_26' title="bbox 119 3063 1157 3167">
     <span class='ocr_line' id='line_1_26' title="bbox 119 3063 1157 3167; baseline 0 -21"><span class='ocrx_word' id='word_1_196' title='bbox 119 3128 143 3167; x_wconf 86' lang='lat'><em>„</em></span> <span class='ocrx_word' id='word_1_197' title='bbox 175 3073 241 3146; x_wconf 88' lang='lat' dir='ltr'><strong>mis</strong></span> <span class='ocrx_word' id='word_1_198' title='bbox 258 3070 480 3159; x_wconf 70' lang='lat' dir='ltr'>traderemur</span> <span class='ocrx_word' id='word_1_199' title='bbox 497 3069 565 3151; x_wconf 76' lang='lat' dir='ltr'><strong>dte·</strong></span> <span class='ocrx_word' id='word_1_200' title='bbox 594 3123 616 3158; x_wconf 77' lang='lat'><strong>„</strong></span> <span class='ocrx_word' id='word_1_201' title='bbox 636 3063 681 3156; x_wconf 86' lang='lat' dir='ltr'><strong>Et</strong></span> <span class='ocrx_word' id='word_1_202' title='bbox 703 3067 829 3165; x_wconf 85' lang='lat' dir='ltr'><strong>postea</strong></span> <span class='ocrx_word' id='word_1_203' title='bbox 855 3092 886 3145; x_wconf 92' lang='lat' dir='ltr'><strong>c.</strong></span> <span class='ocrx_word' id='word_1_204' title='bbox 925 3091 981 3142; x_wconf 85' lang='lat'><strong>12.</strong></span> <span class='ocrx_word' id='word_1_205' title='bbox 1013 3126 1035 3163; x_wconf 87' lang='lat'><strong>‚,</strong></span> <span class='ocrx_word' id='word_1_206' title='bbox 1061 3069 1157 3159; x_wconf 83' lang='lat' dir='ltr'><strong>ludi·</strong></span> 
     </span>
    </p>

    <p class='ocr_par' dir='ltr' id='par_1_27' title="bbox 118 3178 1159 3283">
     <span class='ocr_line' id='line_1_27' title="bbox 118 3178 1159 3283; baseline 0 -24"><span class='ocrx_word' id='word_1_207' title='bbox 118 3239 146 3277; x_wconf 68' lang='lat'>„</span> <span class='ocrx_word' id='word_1_208' title='bbox 170 3206 294 3279; x_wconf 76' lang='lat' dir='ltr'><strong>camut</strong></span> <span class='ocrx_word' id='word_1_209' title='bbox 319 3184 438 3283; x_wconf 86' lang='lat' dir='ltr'><strong>itaque</strong></span> <span class='ocrx_word' id='word_1_210' title='bbox 462 3183 569 3269; x_wconf 85' lang='lat' dir='ltr'><strong>etiam</strong></span> <span class='ocrx_word' id='word_1_211' title='bbox 587 3178 759 3279; x_wconf 81' lang='lat' dir='ltr'><strong>ptaeseute</strong></span> <span class='ocrx_word' id='word_1_212' title='bbox 783 3181 920 3267; x_wconf 86' lang='lat' dir='ltr'><strong>iudicio</strong></span> <span class='ocrx_word' id='word_1_213' title='bbox 946 3205 965 3256; x_wconf 91' lang='lat' dir='ltr'><strong>a</strong></span> <span class='ocrx_word' id='word_1_214' title='bbox 989 3180 1098 3268; x_wconf 67' lang='lat' dir='ltr'><strong>Dent,</strong></span> <span class='ocrx_word' id='word_1_215' title='bbox 1122 3195 1159 3260; x_wconf 89' lang='lat' dir='ltr'><strong>et</strong></span> 
     </span>
    </p>

    <p class='ocr_par' dir='ltr' id='par_1_28' title="bbox 122 3293 1158 3391">
     <span class='ocr_line' id='line_1_28' title="bbox 122 3293 1158 3391; baseline -0.004 -19"><span class='ocrx_word' id='word_1_216' title='bbox 122 3351 146 3390; x_wconf 90' lang='lat'>„</span> <span class='ocrx_word' id='word_1_217' title='bbox 176 3295 258 3380; x_wconf 78' lang='lat' dir='ltr'><strong>ideo</strong></span> <span class='ocrx_word' id='word_1_218' title='bbox 274 3295 424 3384; x_wconf 64' lang='lat' dir='ltr'><strong>excitata</strong></span> <span class='ocrx_word' id='word_1_219' title='bbox 440 3293 488 3378; x_wconf 87' lang='lat' dir='ltr'><strong>est</strong></span> <span class='ocrx_word' id='word_1_220' title='bbox 507 3294 542 3367; x_wconf 91' lang='lat' dir='ltr'><strong>in</strong></span> <span class='ocrx_word' id='word_1_221' title='bbox 557 3294 753 3391; x_wconf 81' lang='lat' dir='ltr'><strong>perniciem</strong></span> <span class='ocrx_word' id='word_1_222' title='bbox 766 3316 807 3380; x_wconf 85' lang='lat' dir='ltr'><strong>ae</strong></span> <span class='ocrx_word' id='word_1_223' title='bbox 823 3293 978 3376; x_wconf 86' lang='lat' dir='ltr'>dedecus</span> <span class='ocrx_word' id='word_1_224' title='bbox 994 3295 1158 3383; x_wconf 85' lang='lat' dir='ltr'><strong>nostrum</strong></span> 
     </span>
    </p>

    <p class='ocr_par' dir='ltr' id='par_1_29' title="bbox 119 3402 1219 3510">
     <span class='ocr_line' id='line_1_29' title="bbox 119 3402 1219 3510; baseline 0.004 -31"><span class='ocrx_word' id='word_1_225' title='bbox 119 3463 143 3500; x_wconf 79' lang='lat'><strong>,‚</strong></span> <span class='ocrx_word' id='word_1_226' title='bbox 174 3430 282 3503; x_wconf 80' lang='lat' dir='ltr'><strong>gens,</strong></span> <span class='ocrx_word' id='word_1_227' title='bbox 314 3428 394 3506; x_wconf 82' lang='lat' dir='ltr'><strong>quae</strong></span> <span class='ocrx_word' id='word_1_228' title='bbox 423 3403 570 3490; x_wconf 82' lang='lat' dir='ltr'>deloco</span> <span class='ocrx_word' id='word_1_229' title='bbox 588 3405 624 3482; x_wconf 91' lang='lat' dir='ltr'><strong>in</strong></span> <span class='ocrx_word' id='word_1_230' title='bbox 642 3402 765 3486; x_wconf 79' lang='lat' dir='ltr'><strong>locum</strong></span> <span class='ocrx_word' id='word_1_231' title='bbox 795 3428 972 3510; x_wconf 86' lang='lat' dir='ltr'>pergens,</span> <span class='ocrx_word' id='word_1_232' title='bbox 1004 3406 1049 3480; x_wconf 91' lang='lat' dir='ltr'><strong>de</strong></span> <span class='ocrx_word' id='word_1_233' title='bbox 1070 3407 1161 3487; x_wconf 85' lang='lat' dir='ltr'>urbe</span> <span class='ocrx_word' id='word_1_234' title='bbox 1217 3406 1219 3413; x_wconf 53' lang='lat'><strong>⁴</strong></span> 
     </span>
    </p>

    <p class='ocr_par' dir='ltr' id='par_1_30' title="bbox 117 3513 1161 3621">
     <span class='ocr_line' id='line_1_30' title="bbox 117 3513 1161 3621; baseline -0.008 -29"><span class='ocrx_word' id='word_1_235' title='bbox 117 3575 145 3621; x_wconf 48' lang='lat'><strong>‚2</strong></span> <span class='ocrx_word' id='word_1_236' title='bbox 173 3521 207 3592; x_wconf 91' lang='lat' dir='ltr'><strong>in</strong></span> <span class='ocrx_word' id='word_1_237' title='bbox 230 3519 357 3605; x_wconf 81' lang='lat' dir='ltr'>urbem</span> <span class='ocrx_word' id='word_1_238' title='bbox 375 3513 570 3606; x_wconf 71' lang='lat' dir='ltr'><strong>mandens,</strong></span> <span class='ocrx_word' id='word_1_239' title='bbox 600 3515 759 3604; x_wconf 82' lang='lat' dir='ltr'><strong>universa</strong></span> <span class='ocrx_word' id='word_1_240' title='bbox 787 3516 944 3604; x_wconf 84' lang='lat' dir='ltr'><strong>vastaret.</strong></span> <span class='ocrx_word' id='word_1_241' title='bbox 1005 3517 1057 3598; x_wconf 82' lang='lat' dir='ltr'><strong>Ac</strong></span> <span class='ocrx_word' id='word_1_242' title='bbox 1088 3522 1161 3619; x_wconf 87' lang='lat' dir='ltr'><strong>pti-</strong></span> 
     </span>
    </p>

    <p class='ocr_par' dir='ltr' id='par_1_31' title="bbox 119 3625 1161 3730">
     <span class='ocr_line' id='line_1_31' title="bbox 119 3625 1161 3730; baseline 0.004 -27"><span class='ocrx_word' id='word_1_243' title='bbox 119 3687 144 3725; x_wconf 84' lang='lat'><strong>,‚</strong></span> <span class='ocrx_word' id='word_1_244' title='bbox 176 3653 276 3720; x_wconf 76' lang='lat' dir='ltr'><strong>mum</strong></span> <span class='ocrx_word' id='word_1_245' title='bbox 296 3653 315 3706; x_wconf 87' lang='lat' dir='ltr'><strong>a</strong></span> <span class='ocrx_word' id='word_1_246' title='bbox 336 3627 416 3706; x_wconf 83' lang='lat' dir='ltr'><strong>solu</strong></span> <span class='ocrx_word' id='word_1_247' title='bbox 434 3630 550 3728; x_wconf 76' lang='lat' dir='ltr'><strong>patrio</strong></span> <span class='ocrx_word' id='word_1_248' title='bbox 572 3625 679 3714; x_wconf 75' lang='lat' dir='ltr'><strong>effusa</strong></span> <span class='ocrx_word' id='word_1_249' title='bbox 698 3629 805 3710; x_wconf 85' lang='lat' dir='ltr'><strong>estin</strong></span> <span class='ocrx_word' id='word_1_250' title='bbox 831 3627 1063 3707; x_wconf 84' lang='lat' dir='ltr'><strong>Germaniam</strong></span> <span class='ocrx_word' id='word_1_251' title='bbox 1090 3633 1161 3730; x_wconf 88' lang='lat' dir='ltr'><strong>pti-</strong></span> 
     </span>
    </p>

    <p class='ocr_par' dir='ltr' id='par_1_32' title="bbox 120 3739 1159 3836">
     <span class='ocr_line' id='line_1_32' title="bbox 120 3739 1159 3836; baseline -0.002 -15"><span class='ocrx_word' id='word_1_252' title='bbox 120 3798 145 3836; x_wconf 80' lang='lat'>„</span> <span class='ocrx_word' id='word_1_253' title='bbox 177 3765 295 3828; x_wconf 78' lang='lat' dir='ltr'><strong>mam„</strong></span> <span class='ocrx_word' id='word_1_254' title='bbox 339 3744 491 3824; x_wconf 88' lang='lat' dir='ltr'><strong>nomine</strong></span> <span class='ocrx_word' id='word_1_255' title='bbox 521 3740 729 3827; x_wconf 84' lang='lat' dir='ltr'><strong>barbatam,</strong></span> <span class='ocrx_word' id='word_1_256' title='bbox 775 3739 914 3828; x_wconf 82' lang='lat' dir='ltr'><strong>ditione</strong></span> <span class='ocrx_word' id='word_1_257' title='bbox 938 3739 1159 3819; x_wconf 88' lang='lat' dir='ltr'><strong>Romanam:</strong></span> 
     </span>
    </p>

    <p class='ocr_par' dir='ltr' id='par_1_33' title="bbox 122 3848 1243 3967">
     <span class='ocr_line' id='line_1_33' title="bbox 122 3848 1243 3967; baseline -0.002 -38"><span class='ocrx_word' id='word_1_258' title='bbox 122 3909 146 3948; x_wconf 89' lang='lat'><strong>,‚</strong></span> <span class='ocrx_word' id='word_1_259' title='bbox 175 3853 255 3967; x_wconf 82' lang='lat' dir='ltr'><strong>post</strong></span> <span class='ocrx_word' id='word_1_260' title='bbox 272 3855 376 3943; x_wconf 83' lang='lat' dir='ltr'>cuius</span> <span class='ocrx_word' id='word_1_261' title='bbox 397 3855 548 3931; x_wconf 82' lang='lat' dir='ltr'><strong>exitium</strong></span> <span class='ocrx_word' id='word_1_262' title='bbox 566 3848 646 3935; x_wconf 72' lang='lat' dir='ltr'><strong>assit</strong></span> <span class='ocrx_word' id='word_1_263' title='bbox 661 3852 767 3949; x_wconf 78' lang='lat' dir='ltr'><strong>tegio</strong></span> <span class='ocrx_word' id='word_1_264' title='bbox 782 3848 1001 3952; x_wconf 72' lang='lat' dir='ltr'><strong>Belgatum¹</strong></span> <span class='ocrx_word' id='word_1_265' title='bbox 1031 3854 1163 3941; x_wconf 82' lang='lat' dir='ltr'><strong>deinde</strong></span> <span class='ocrx_word' id='word_1_266' title='bbox 1241 3896 1243 3906; x_wconf 65' lang='lat'>‹</span> 
     </span>
    </p>

    <p class='ocr_par' dir='ltr' id='par_1_34' title="bbox 125 3961 1231 4179">
     <span class='ocr_line' id='line_1_34' title="bbox 125 3961 1231 4156; baseline -0.001 -113"><span class='ocrx_word' id='word_1_267' title='bbox 125 4019 151 4061; x_wconf 77' lang='lat'>„</span> <span class='ocrx_word' id='word_1_268' title='bbox 176 3986 266 4076; x_wconf 83' lang='lat' dir='ltr'>opes</span> <span class='ocrx_word' id='word_1_269' title='bbox 299 3964 585 4156; x_wconf 70' lang='lat' dir='ltr'><strong>AquitanorumR</strong></span> <span class='ocrx_word' id='word_1_270' title='bbox 596 3961 856 4052; x_wconf 76' lang='lat' dir='ltr'><strong>luxuriantium</strong></span> <span class='ocrx_word' id='word_1_271' title='bbox 871 3989 888 4061; x_wconf 69' lang='lat'>3</span> <span class='ocrx_word' id='word_1_272' title='bbox 913 3981 949 4042; x_wconf 88' lang='lat' dir='ltr'><strong>et</strong></span> <span class='ocrx_word' id='word_1_273' title='bbox 979 3967 1059 4065; x_wconf 88' lang='lat' dir='ltr'><strong>post</strong></span> <span class='ocrx_word' id='word_1_274' title='bbox 1087 3967 1163 4044; x_wconf 87' lang='lat' dir='ltr'><strong>haec</strong></span> <span class='ocrx_word' id='word_1_275' title='bbox 1230 4066 1231 4071; x_wconf 8' lang='grc' dir='ltr'><strong><em>Ν</em></strong></span> 
     </span>
     <span class='ocr_line' id='line_1_35' title="bbox 564 4094 1107 4179; baseline -0.013 -18"><span class='ocrx_word' id='word_1_276' title='bbox 564 4116 584 4161; x_wconf 67' lang='lat' dir='ltr'><em>x</em></span> <span class='ocrx_word' id='word_1_277' title='bbox 619 4094 637 4170; x_wconf 64' lang='grc' dir='ltr'>ἱ</span> <span class='ocrx_word' id='word_1_278' title='bbox 918 4130 942 4172; x_wconf 78' lang='lat'><strong>,</strong></span> <span class='ocrx_word' id='word_1_279' title='bbox 972 4099 1107 4179; x_wconf 76' lang='lat' dir='ltr'>corpus</span> 
     </span>
    </p>
   </div>
   <div class='ocr_carea' id='block_1_3' title="bbox 0 0 1280 4958">
    <p class='ocr_par' dir='ltr' id='par_1_35' title="bbox 0 0 1280 4958">
     <span class='ocr_line' id='line_1_36' title="bbox 0 0 1280 4958; baseline 0 0"><span class='ocrx_word' id='word_1_280' title='bbox 0 0 1280 4958; x_wconf 95' lang='lat' dir='ltr'><strong> </strong></span> 
     </span>
    </p>
   </div>
  </div>
 </body>
</html>
