2506 4958
567 39 730 131 ι’,

237 192 388 322 regnum
411 214 600 315 christiin
617 206 738 299 terris}
756 242 784 299 r.
807 209 952 331 ,er.
1051 224 1101 322 ἐς

64 385 272 464 decidendis
297 383 467 460 infallibili
486 385 652 471 iudicio,
689 380 763 460 fine
780 406 856 482 quo
885 385 920 459 in
950 399 1102 464 contro-

63 497 168 575 versrs
203 503 251 574 de'
268 499 434 595 genuino
468 516 629 596 veroque
661 494 843 595 scripturae
878 494 977 573 sensu
1004 497 1101 599 qo'ae-

61 612 237 686 ilionibur
266 608 354 683 nibil
378 610 466 684 certi
483 603 670 708 afferrique
694 605 814 685 haberi
837 610 975 706 potest,
1015 632 1100 689 cau.

61 721 104 799 fis
135 721 216 798 fidei
254 745 330 796 non
362 718 620 816 agnoscerent,
658 717 786 797 sruiira
816 723 940 796 omnia
970 739 1095 802 eraut:

59 834 251 935 presertim
277 831 377 932 quod
406 829 667 917 Proteltantes,
714 833 750 907 in
782 853 870 931 pace
893 828 1099 913 Pallavienli

59 947 192 1022 eodem
223 969 319 1019 anno
346 946 382 1018 in
403 945 560 1019 comitiis
581 941 700 1031 sada,
744 943 903 1020 inducias
931 964 1097 1044 peterent

59 1055 302 1142 deliberandi,
337 1079 498 1156 quonam
538 1054 652 1130 modo
697 1053 949 1133 controvetslae
987 1055 1099 1139 essent

58 1168 347 1269 componenda,
379 1191 423 1242 an
448 1171 484 1242 in
510 1166 667 1245 concilio
690 1165 871 1266 generali,
902 1167 958 1245 vel
979 1172 1098 1248 natio·

60 1283 155 1364 nali,
186 1282 242 1356 vel
260 1278 472 1379 colloquio,
504 1278 557 1354 vel
579 1295 763 1357 conventu
786 1279 935 1357 caesareo
957 1279 1015 1359 seu
1030 1305 1097 1359 co·

60 1392 200 1469 mitiis?
245 1391 282 1469 ld
314 1391 460 1491 quidem
492 1393 611 1490 postea
633 1394 668 1466 in
696 1393 852 1469 comitiis
879 1393 1096 1491 dogustanir

57 1529 113 1582 an.
147 1526 263 1594 ¹555·
295 1507 331 1578 in
359 1503 490 1602 quibus
515 1503 583 1581 Pax
607 1500 787 1602 Religiosa
805 1506 900 1580 inter
925 1529 1096 1605 proceres

57 1618 144 1693 satta
173 1616 244 1700 est,
276 1614 519 1692 Ferdinandos
548 1613 593 1692 R.
623 1612 731 1693 Rom.
766 1615 889 1693 multis
928 1617 1097 1699 adhorta.

58 1748 116 1805 tus
140 1752 267 1803 omnes
289 1729 331 1802 ad
357 1731 530 1802 unitatem
564 1727 664 1813 fidei,
702 1727 803 1823 egit,
839 1728 1094 1830 obtinuitque,

59 1867 105 1917 ne
125 1843 253 1916 iterum
272 1838 316 1912 de
328 1837 427 1913 distis
447 1836 514 1912 illis
537 1855 715 1935 quatuor,
733 1838 982 1937 componendi
1007 1866 1096 1918 con·

56 1951 245 2030 troversras
261 1949 370 2034 fidei,
402 1948 520 2023 modis
544 1948 809 2025 deliberaretur.
861 1947 1007 2027 Dicitur
1033 1976 1095 2052 pa.
1231 1981 1237 1991 ·

56 2068 106 2141 cis
128 2062 400 2138 conditionibus
427 2060 613 2136 lacrimans
636 2057 887 2160 subscripsisse,
906 2085 1008 2161 ¹quas
1027 2066 1096 2140 im·

57 2190 202 2275 perator
223 2197 300 2247 non
321 2168 557 2269 subsignavit,
588 2170 755 2270 pontifex
780 2195 868 2250 vero
889 2174 1093 2275 usurpatam
1199 2222 1204 2237 =

57 2287 340 2364 iurisdictionem
371 2289 680 2384 incompetentem
722 2283 963 2384 indignissime
997 2287 1092 2367 tulit.

143 2450 224 2530 Erat
245 2455 376 2527 interea
403 2454 577 2550 temporis
602 2450 800 2531 concilium
829 2449 1091 2532 Tridentinum

55 2562 258 2664 suspensum
287 2588 350 2660 per
371 2562 588 2639 decennium
617 2585 732 2661 prope
754 2565 798 2637 ab
827 2563 951 2640 ultima
975 2564 1091 2643 sefflo-
1205 2646 1208 2651 ,

56 2703 102 2754 ne
124 2677 240 2752 babira
258 2698 317 2750 an.
342 2694 457 2764 1552.
479 2673 657 2772 usquead
681 2674 778 2750 initia
800 2698 854 2750 an.
879 2687 992 2763 1562.
1014 2700 1092 2778 quo

54 2792 204 2866 demum
231 2790 345 2883 prima
374 2788 503 2861 iterum
531 2783 628 2859 sellio
653 2783 722 2860 snit
741 2785 940 2879 celebrata3
970 2792 1094 2863 turba.-

55 2919 135 2978 tum
176 2897 373 2975 rebellione
412 2894 573 2974 Mauririi
606 2895 772 2973 Saxoniae
807 2894 921 2973 Ducis
960 2915 1092 2978 contra

54 3018 335 3111 imperatorem,
382 3032 491 3108 quem
519 3003 747 3104 Oeniponri,
791 3010 882 3095 ubi,
914 3025 954 3086 ur
984 3013 1091 3090 rebus
1233 3036 1235 3040 ⁴

56 3124 201 3203 concilii
220 3124 369 3222 propius
389 3118 578 3197 consulere
599 3115 739 3219 pollet,
768 3119 959 3208 residebat,
998 3122 1089 3199 nihil

56 3241 245 3314 timentem
282 3232 400 3311 subito
428 3235 604 3332 perruptis
639 3231 798 3310 saucibus
828 3232 1091 3335 Tyrolensrbuu

56 3353 204 3434 obruit,
234 3360 342 3444 atque
364 3346 542 3423 concubia
560 3343 664 3421 uode
684 3344 799 3422 relide
813 3370 941 3433 coena,
974 3349 1088 3436 urbe,

56 3462 179 3557 fugam
196 3463 350 3557 arripere
367 3460 403 3533 in
424 3456 646 3536 Corinthiam
673 3457 854 3556 compulit
874 3457 1088 3547 Mauritius,

57 3572 180 3673 paucis
201 3570 280 3669 post
300 3567 558 3670 Oenipontum
582 3568 682 3645 horis
697 3565 871 3668 ingressus
890 3569 1090 3661 consumtis

57 3682 247 3782 epularum
284 3683 492 3779 imperatori
526 3699 725 3778 paratarum
758 3681 931 3781 reliquiis,
986 3683 1090 3760 Acci-

56 3795 189 3872 derunt
212 3792 287 3871 hec
307 3791 379 3868 sub.
401 3791 495 3870 lulio
519 3791 580 3868 lll.
612 3790 648 3872 P.
670 3793 732 3870 sub
749 3816 825 3893 quo
843 3795 992 3896 eiusque
1011 3785 1091 3895 poli

57 3905 272 3987 Marcellum
292 3901 484 3982 successore
508 3902 618 3981 Paulo
640 3903 703 3983 lV.
734 3928 818 4003 eum
848 3905 927 3984 aula
949 3906 1092 3983 caesarea
1122 4004 1127 4011 ὗ
1166 3920 1169 3925 ’

528 4015 555 4093 F
588 4035 608 4103 3
903 4019 1035 4096 discor·
