2506 4958
277 228 429 311 regnum
457 205 587 304 Christi
607 210 649 289 in
675 156 795 289 ceren
816 228 845 288 c.
865 204 951 290 XV.
1005 332 1008 337 1
1093 232 1148 310 77

104 373 224 455 bessiae
247 387 283 451 et
301 376 499 454 meretricie
529 377 566 450 in
587 372 773 473 Babylone
801 371 965 452 Romano
996 374 1153 455 debella-

86 492 195 576 ¹trice
214 485 440 573 saniiorum,
471 512 547 562 non
568 500 708 563 attento
734 511 851 586 regno
872 487 1004 567 Christi
1029 490 1065 565 in
1082 504 1156 565 ter-

106 606 154 678 ris
178 599 275 674 mille
294 603 396 674 annis
417 597 474 676 seu
497 614 580 674 toto
598 597 663 675 illo
696 615 882 699 tempore,
914 599 1019 699 quod
1043 603 1153 677 inter·

107 712 203 790 cedit
223 715 316 786 inter
332 713 516 788 interitum
547 708 762 810 Babylonis,
795 712 909 789 bestiae
932 731 969 787 et
989 714 1153 789 meretri·

106 828 182 911 cis,
214 846 336 924 quove
356 821 484 919 ligatus
513 823 562 899 est
583 825 710 907 Satan,
742 824 822 923 post
848 823 946 899 mille
977 823 1151 915 demum,

107 937 379 1039 qualescunque
402 932 455 1009 illi
482 930 567 1019 lint,
600 934 789 1013 solvendus
814 958 941 1013 annon.

165 1094 357 1196 Postquam
390 1093 483 1172 ultra
514 1093 672 1173 seculum
706 1093 885 1196 pudniiset
915 1094 1156 1176 Protestanteo

109 1209 344 1309 impudentiae
371 1206 491 1293 illius,
529 1205 707 1286 clafficum
744 1212 874 1288 iterum
898 1212 1029 1287 cecinit
1053 1211 1157 1311 supe·

109 1326 207 1399 tiore
232 1319 360 1397 saeculo
383 1316 507 1396 Petrus
536 1318 678 1407 Ionius,
711 1342 813 1420 reges
837 1338 873 1398 et
893 1317 1054 1423 populos
1080 1324 1157 1399 ani·

111 1457 214 1511 mans
252 1432 298 1509 ad
335 1430 616 1532 persequendam
655 1430 798 1509 bestiam
835 1454 875 1511 nc
903 1432 1155 1537 Babylonem,

108 1548 213 1625 cuius
246 1546 471 1643 propinquus
504 1542 588 1620 effet
607 1546 792 1633 interitus,
829 1544 1000 1624 Romanae
1027 1542 1194 1626 seilicet·

110 1654 274 1737 Ecclefiae
308 1678 349 1732 ac
387 1648 542 1732 Romani
588 1655 770 1756 pontificis
810 1658 1047 1745 Antichtiiii,
1103 1658 1159 1737 uti

111 1774 183 1847 iam
208 1768 310 1868 supra
341 1787 521 1845 novorum
551 1764 799 1847 chiliastarum
820 1773 912 1847 varia
935 1793 977 1848 ac
1002 1774 1097 1848 inter
1124 1768 1160 1849 se
1202 1782 1206 1795 '

112 1884 311 1984 pugnantia
327 1878 515 1961 ietulimus
532 1877 723 1979 systemata.
753 1880 844 1964 ‚Nec
865 1884 981 1957 maior
1000 1882 1050 1959 est
1066 1904 1160 1960 con·

112 1994 236 2072 cordia
260 1998 353 2070 circa
381 1991 557 2092 epocham
592 1991 828 2069 Antichristici
854 1995 989 2089 regni,
1040 1994 1159 2071 maior

86 2127 203 2184 ·vero
227 2104 447 2207 impudentia
479 2124 521 2179 ac
550 2101 793 2179 calumniandi
818 2102 960 2192 libido,
989 2122 1074 2182 cum
1101 2103 1160 2182 lu-

114 2222 188 2296 nius
211 2217 291 2317 post
318 2214 394 2294 loh.
424 2213 575 2291 Medum
611 2236 687 2291 non
713 2232 878 2294 vereatur
909 2214 1159 2294 asanilissimo

116 2327 290 2430 pontifice
315 2326 440 2406 Leone
464 2325 489 2403 1.
519 2327 716 2427 auspicium
747 2326 907 2405 sumere:
949 2352 1058 2430 quem
1078 2351 1162 2404 om.

115 2446 171 2519 nis
196 2444 344 2518 reverita
377 2441 425 2516 est
446 2437 614 2525 Ecclessa.
645 2455 715 2516 tam
746 2439 1001 2539 iniignitotius
1031 2440 1160 2542 synodi

117 2550 420 2633 Chalcedonensis
448 2555 632 2650 praeconio
666 2568 866 2640 ornatum,
916 2556 1161 2653 omniumque

116 2679 327 2766 temporum
365 2665 572 2740 testimonio
611 2663 840 2741 celebratum.
901 2662 1053 2741 Perinde
1081 2667 1160 2753 est,

120 2781 221 2876 quod
248 2776 304 2853 alii
327 2776 361 2853 S.
378 2776 600 2875 Gregorium
627 2772 681 2851 Μ.
704 2792 811 2875 capot
838 2768 945 2853 huius
964 2779 1067 2874 regni
1088 2777 1163 2853 An-

120 2887 302 2966 tichriiiici
337 2885 499 2975 statunt,
543 2885 600 2963 aiii
628 2885 715 2962 aiios
742 2905 868 2963 eorum
893 2902 975 2964 ante
998 2888 1164 2988 complu·

119 3026 156 3077 ra
174 3004 242 3077 iam
262 2998 374 3080 secula
399 2998 633 3086 succeffores,
665 3016 730 3100 per
750 3014 828 3101 quie
852 2992 989 3077 dunffe
1009 2996 1082 3077 hoc
1101 3015 1166 3078 ne·

118 3111 210 3190 ceffe
233 3112 303 3190 init
329 3109 518 3189 asseverare
547 3129 701 3211 regnum
732 3111 798 3208 (id
819 3112 920 3212 quod
950 3109 1018 3189 iam
1047 3113 1082 3188 S.
1104 3108 1167 3190 lu-

121 3225 232 3302 stinus
254 3224 308 3302 M.
339 3230 374 3299 in
400 3225 479 3299 dial.
506 3247 588 3301 cum
617 3211 820 3323 Tryphone
853 3242 886 3299 n.
911 3236 973 3313 32.
1004 3244 1037 3323 p.
1072 3235 1161 3314 129.

124 3337 311 3434 redarguo
339 3339 377 3412 in
419 3335 545 3414 iudeis
585 3334 773 3413 Danielem
813 3333 1168 3435 interpretantibus)

121 3449 345 3548 donareque,
375 3450 475 3549 quod
499 3452 608 3524 breve
627 3446 792 3523 futurum
821 3471 1022 3547 paucorum
1051 3470 1167 3527 anno·

122 3583 204 3638 rum
221 3578 343 3661 aperte
365 3560 515 3637 loannes
531 3564 566 3635 in
589 3554 801 3660 Apocalypss
827 3561 969 3659 prodit,
990 3554 1170 3658 deignat·

121 3694 197 3773 que
225 3673 484 3751 Antichristum
525 3696 631 3750 onam
662 3672 848 3770 personam
884 3696 925 3748 ec
954 3671 1167 3762 hominem.

123 3786 177 3860 ini
200 3809 286 3861 vero
307 3785 430 3862 seriem
460 3783 706 3884 pontificum,
736 3781 870 3860 amille
894 3787 1000 3860 etiam
1032 3801 1068 3860 et
1095 3797 1171 3861 aon-

119 3899 216 4002 piius
235 3898 339 3977 aonio
361 3896 543 4002 hodieque
562 3896 686 4000 pulcre
710 3896 885 4013 stanton,
929 3911 965 3974 et
994 3888 1105 3997 usque
1125 3895 1170 3972 od

999 4094 1004 4103 .
1025 4044 1115 4105 con·
