2506 4958
225 250 376 329 reguum
396 220 527 314 obriti
548 225 713 304 interris
740 247 770 303 r.
796 223 943 306 >tritt
1062 242 1133 319 rar

108 447 136 487 „
163 404 202 471 et
240 391 398 468 latrones
430 389 544 466 ferme
574 412 700 466 omnes
730 387 890 487 gaudent
915 404 951 467 et
975 390 1138 491 glorian.

109 560 137 598 „
165 519 251 591 tur,
296 500 320 578 fi
360 505 556 579 atrociores
599 500 822 587 admodum,
868 525 977 603 quarn
1025 504 1134 594 suut,

107 670 135 712 „
164 611 235 691 effe
259 613 433 691 dicautur.
493 612 588 705 Quis
611 635 722 710 ergo,
750 628 789 688 ut
810 613 905 699 dixi,
935 613 1039 693 locun
1066 618 1135 707 est,

107 784 136 822 „
165 726 230 805 ubi
266 746 342 801 non
374 748 394 801 a
429 723 685 824 principalibus
725 727 907 802 civitatum
949 724 1135 805 viduarum

107 896 135 933 „
164 854 203 915 et
228 836 449 935 pupillorum
477 835 605 911 viscera
636 837 873 924 devorentur,
900 851 936 914 et
972 862 1053 915 cum
1080 838 1135 917 his

107 1008 135 1046 „
164 948 279 1027 ferme
308 947 505 1024 sauciorum
534 949 711 1022 omnium.
788 945 830 1024 Et
857 946 992 1044 posito:
1021 948 1134 1027 Veni.

106 1120 133 1157 „
164 1074 232 1139 unt
266 1057 479 1160 plerumque
510 1061 594 1134 novi
617 1062 756 1145 nuncii,
788 1062 873 1135 novi
900 1061 1087 1158 epistolarii
1113 1088 1133 1140 a

105 1231 132 1268 ‚,
162 1171 306 1249 [ommis
327 1169 599 1247 sublimitatibus
621 1169 729 1257 miffi,
752 1174 813 1270 qui
831 1173 1135 1252 commendantur

108 1342 135 1381 ,‚
160 1283 353 1360 illustribus
383 1283 572 1383 paucisad
604 1285 708 1357 exitia
745 1283 997 1381 plurimorum.
1056 1283 1133 1362 De.

107 1452 133 1491 „
162 1408 360 1472 cernuntur
394 1417 499 1471 nouae
524 1394 735 1469 indictiones
751 1450 760 1468 .
779 1450 845 1472 ...
882 1391 926 1472 Et
962 1409 1131 1492 putamus

105 1565 133 1603 ‚‚
162 1507 263 1607 quod
290 1529 400 1605 poeua
434 1506 561 1583 divinae
588 1504 775 1581 severitatis
807 1505 945 1606 indigui
977 1507 1128 1597 sumus,

105 1677 133 1715 ‚‚
161 1641 247 1696 cum
281 1615 328 1696 tic
357 1641 424 1695 nos
458 1617 595 1717 semper
622 1639 793 1716 pauperes
826 1623 1038 1718 puniamus3
1068 1635 1131 1697 aut

107 1787 135 1828 „
163 1729 364 1816 credimus,
385 1752 468 1808 com
494 1731 605 1832 iniqui
627 1752 697 1803 nos
716 1731 846 1827 iugiter
870 1728 997 1816 fimus,
1029 1724 1133 1831 quod

107 1899 133 1937 „
163 1839 265 1919 Deur
296 1841 406 1919 iusim
430 1844 466 1916 in
495 1863 562 1917 nos
594 1843 747 1938 omnino
778 1838 846 1915 effe
876 1865 949 1916 nou
980 1842 1131 1919 debeat?

109 2010 135 2049 „
163 1951 237 2031 Ubi
261 1954 357 2030 enim
382 1967 443 2030 aut
466 1953 654 2051 inquibus
677 1951 780 2035 sont,
812 1947 873 2026 nisu
898 1954 933 2026 in
958 1950 1132 2031 Romanis

107 2122 134 2161 ,‚
162 2078 303 2142 tanturn
336 2064 412 2141 hac
438 2062 558 2139 mala?
615 2061 788 2154 Quorum
823 2063 989 2138 iniustitia
1008 2077 1130 2152 tanta,

108 2233 135 2271 ‚,
164 2174 229 2252 niii
261 2177 410 2254 nostra?
439 2174 563 2254 Franci
590 2175 685 2248 enim
718 2172 790 2249 hoc
821 2173 930 2250 iccius
960 2175 1132 2254 nesciunt.

107 2345 133 2382 „
156 2286 279 2368 Chuni
308 2290 352 2363 ab
380 2287 433 2363 his
462 2286 646 2363 sceleribus
671 2288 850 2361 immunes
883 2285 972 2361 sunt.
1033 2286 1132 2364 Nihil

105 2457 130 2495 „
159 2401 291 2477 horum
312 2401 362 2476 eii
394 2396 487 2498 apud
509 2397 730 2482 Wandalos,
761 2398 848 2472 nihii
873 2398 1002 2473 horum
1040 2400 1135 2499 apud

109 2568 134 2606 „
166 2512 333 2590 Gothos.
392 2510 485 2588 Tam
514 2509 627 2607 louge
650 2513 744 2584 enirn
782 2509 854 2596 eii,
886 2523 925 2586 ut
946 2510 1021 2587 haec
1040 2515 1133 2587 inter

106 2679 133 2719 „
163 2623 308 2700 Gothos
340 2623 475 2699 barbari
508 2623 696 2705 tolerent,
726 2635 766 2698 ut
796 2644 842 2700 tre
867 2619 1024 2700 Romani
1055 2628 1132 2720 qui·

109 2792 135 2828 ‚‚
166 2736 276 2822 dem,
317 2737 379 2833 qui
422 2738 513 2809 inter
556 2758 616 2808 eos
659 2734 802 2819 vivunt,
847 2733 906 2806 iiia
943 2737 1130 2831 patiantur.

109 2902 134 2940 ,‚
168 2844 287 2947 ltaque
311 2870 423 2923 uuum
448 2845 520 2921 illic
542 2844 791 2921 Romanorum
815 2846 978 2919 omniurn
1003 2863 1133 2920 votum

110 3015 134 3052 „
164 2959 233 3045 eii,
264 2982 310 3034 ne
335 2982 492 3058 unquam
522 2981 583 3033 eos
614 2952 748 3030 ueceiie
778 2952 818 3029 fit
847 2957 961 3034 iuius
989 2953 1133 3031 traufirt

99 3126 135 3165 ‚„
165 3068 428 3148 Romanorum.
484 3069 564 3147 Una
583 3084 618 3144 et
634 3065 859 3143 consentiens
874 3065 945 3143 iilic
962 3065 1134 3144 Romanae

110 3238 133 3277 ,‚
164 3182 277 3282 piebis
291 3184 429 3268 oratio,
461 3198 501 3258 ut
517 3181 619 3257 liceat
640 3182 689 3255 eis
707 3181 833 3264 vitam,
865 3201 973 3279 quam
995 3198 1129 3275 agunt,

110 3350 135 3386 ‚,
165 3316 271 3392 agere
289 3318 373 3371 cum
396 3295 562 3378 barbaris,
619 3288 663 3368 Et
686 3295 877 3376 miramur,
910 3289 946 3381 st·
963 3315 1037 3364 uon
1060 3291 1136 3364 vin·

110 3462 135 3499 „
165 3418 297 3484 cuntur
323 3430 340 3478 a
366 3406 494 3481 nostris
521 3405 680 3504 partibus
711 3402 849 3487 Gothi,
897 3426 980 3479 cum
1010 3402 1137 3477 malint

111 3518 261 3616 „apud
305 3540 367 3593 eus
411 3514 497 3604 effe,
542 3514 779 3615 quamapud
820 3536 887 3590 noa
930 3513 1135 3604 Romani„

110 3627 203 3708 Haec
236 3627 449 3715 Salvianus,
489 3651 573 3707 curn
624 3630 693 3702 iam
730 3623 955 3702 adolescente
995 3624 1058 3700 see.
1091 3622 1137 3700 V.

110 3742 276 3840 undique
296 3739 501 3819 Romanum
526 3739 716 3836 imperium
741 3732 1140 3813 mundaffenrnarioues

109 3853 282 3929 barbarae.
339 3851 419 3932 Nec
442 3854 583 3928 euhoe
608 3853 806 3926 maximum
827 3846 957 3924 Romae
982 3848 1142 3948 profante

110 3969 278 4053 crimen,
309 3965 391 4043 suut
429 3965 494 4042 aba
535 3963 648 4152 lonstgle
699 3962 862 4058 graviora
903 3959 1041 4143 nonni]
1064 3962 1140 4088 ‘iam

663 4092 681 4162 3
995 4094 1091 4147 cn·
