2506 4958
288 245 440 323 regnum
461 218 592 312 Curitis
606 223 648 301 in
662 222 781 302 terris.
796 245 826 301 e.
843 220 959 303 XLV.
1066 184 1140 321 14¹1

106 385 226 464 monii
263 387 301 462 in
323 386 494 488 gradibus
537 380 731 486 prohibitis
763 383 1083 485 consanguinitatis
1107 401 1147 466 et

106 496 318 587 affinitatis,
365 503 400 575 in
431 513 607 599 quantum
640 498 694 576 bae
724 500 762 575 in
797 498 914 597 gradu
951 520 1083 600 quarto
1109 513 1169 583 et,

109 615 245 697 tertio,
274 610 479 689 nullatenus
505 627 625 688 tarnen
647 625 820 709 tangente
844 610 1065 699 secundum,
1093 611 1150 712 ip·

106 722 150 800 sis
177 723 363 823 bucusque
378 747 447 823 pro
468 724 686 824 pauperibus
702 718 874 802 cunceffae
887 741 1008 811 erant,
1038 726 1149 802 etiam

108 858 181 937 pro
208 837 391 912 nobilibus
420 847 456 912 et
481 835 676 912 ditioribus
701 835 745 913 ad
771 834 847 911 dies
873 836 954 912 vitae
979 838 1151 935 impetra·

108 972 174 1031 re.
204 962 312 1046 atque
332 947 399 1024 hac
430 949 569 1023 ratione
591 944 657 1050 ipsi
685 948 792 1025 etiam
813 948 851 1023 in
867 945 1026 1027 formula
1058 970 1151 1026 con-

107 1058 207 1138 sueta
236 1057 434 1159 dispensare
460 1056 605 1161 possint.

193 1219 356 1319 Pergunt
375 1221 604 1319 pundatores
625 1218 770 1298 dilatare
789 1215 947 1298 fimbrias
964 1217 1068 1308 suas.
1107 1239 1152 1298 ac

111 1332 210 1432 quasi
232 1356 278 1408 ex
299 1332 466 1409 cathedra
497 1327 722 1412 confidenter
749 1334 923 1421 statuere,
968 1333 1152 1436 pertinere

110 1448 243 1546 pariter
268 1443 313 1521 nd
349 1445 561 1546 potestatem
587 1448 763 1546 cuiusque
792 1445 978 1547 episcopi,
1009 1444 1152 1542 obliga·

112 1561 255 1643 tiones,
296 1581 376 1656 quae
399 1581 444 1634 ex
468 1559 569 1635 sacris
598 1558 787 1637 ordinibus
817 1561 1012 1645 oriuntur,
1044 1557 1152 1635 tolle·

114 1692 175 1754 re,
206 1680 418 1765 utereturque
436 1669 502 1746 hnc
523 1670 665 1745 licentio
683 1693 729 1745 ex
750 1672 894 1764 urgenti
927 1671 1067 1745 ratione
1090 1690 1153 1744 or-

114 1781 321 1877 chiepiscnpi
339 1793 372 1855 et
398 1781 545 1877 episcopi
571 1779 722 1878 respesiu
737 1779 808 1876 sub
821 1791 881 1855 -et
909 1779 1151 1860 diaconorum.

115 1892 267 1970 Causam
297 1891 355 1968 hic
375 1892 478 1968 facile
503 1892 742 1969 subodoratus
773 1890 879 1967 nobis
901 1893 1041 1990 aperuit
1064 1914 1155 1968 ano·

111 2025 245 2103 nynrus
268 2002 345 2087 iile,
375 2006 439 2104 qui
464 2003 589 2101 lingua
619 2000 757 2080 Gallica
783 2001 957 2080 stridores
985 1999 1097 2078 edidit
1113 1999 1153 2089 u)

113 2119 151 2191 in
178 2114 427 2214 nuntiationes
456 2128 661 2192 conventus
696 2110 893 2192 Enrsensrs:
936 2111 1154 2214 profertque

112 2251 159 2304 ex
185 2224 410 2303 Thomafino
426 2224 465 2315 b)
483 2224 692 2327 exemplum
715 2222 877 2306 Castmiri
906 2222 1068 2304 Poloniae
1097 2249 1154 2302 re·

114 2342 192 2436 gis,
225 2341 286 2439 qui
311 2341 544 2416 monasticam
562 2343 669 2417 vitam
691 2338 755 2417 sec.
773 2334 845 2418 xi.
875 2336 1043 2416 Cluniaci
1064 2360 1155 2438 pro-

114 2449 243 2539 fessus,
262 2452 501 2540 etdiacouus,
528 2448 1035 2552 apontificedispensationem
1056 2452 1156 2527 obti-

117 2566 208 2639 nuit.
267 2561 391 2654 Quam
416 2560 477 2641 etsr
500 2562 572 2662 ipse
595 2561 838 2640 Thomasrnus
865 2560 1155 2658 dipensationem

116 2697 248 2747 nonum
273 2675 440 2773 prorsus,
471 2696 506 2751 et
536 2677 650 2779 priori
675 2691 777 2751 aetate
803 2674 999 2751 inauditam
1024 2690 1155 2767 vocet;

117 2785 203 2861 inde
219 2801 363 2870 tamen,
392 2786 492 2884 quod
509 2785 670 2862 Poloniae
693 2808 862 2885 proceres
882 2785 1045 2862 abbatem
1065 2784 1158 2862 Clu-

116 2893 317 2973 niacensenr
349 2901 509 2996 primunr
542 2900 805 2985 convenerint,
853 2894 913 2973 sed
948 2894 1075 2972 rernissi
1110 2895 1157 2975 ab

119 3032 192 3095 eo,
212 3023 254 3085 ut
269 3008 551 3108 „supremumin
564 3012 666 3086 terris
687 3007 841 3086 tribunal
856 3064 866 3093 ‚
884 3007 1160 3108 supremamque

115 3174 140 3214 ,‚
169 3121 402 3221 potestatem,
432 3120 549 3196 sedem
571 3120 735 3198 videlicet
750 3118 985 3221 apostolicam
1002 3114 1156 3209 Ronrae.

118 3289 142 3326 „
172 3248 208 3308 et
230 3235 401 3311 vicarium
428 3232 561 3312 Christi
584 3237 745 3321 adirent,
794 3247 832 3310 et
855 3229 1054 3309 necestitate
1090 3255 1160 3333 pu·

119 3344 260 3437 „blica
293 3349 397 3444 regni
427 3344 601 3421 declarata
631 3397 643 3432 ‚
699 3347 900 3445 principem
943 3342 1159 3422 Casunirum

121 3511 145 3547 „
175 3456 274 3531 reddi
300 3456 535 3557 deposcerent
550 3481 586 3550 „3
614 3470 656 3534 ut
675 3479 721 3532 ex
740 3453 902 3556 Longini
926 3453 1003 3531 hist.
1025 3451 1159 3534 Polou.

123 3583 265 3643 narrat:
309 3570 457 3647 adnotat
477 3569 666 3669 equidem,
690 3566 785 3644 haud
803 3567 914 3645 videri
934 3567 1163 3667 usqueadeo

123 3694 214 3757 tunc
237 3682 509 3780 praeiudicatum
540 3681 652 3781 vulgo
679 3677 802 3769 fuisse.
848 3703 927 3756 non
955 3675 1055 3778 posse
1077 3702 1164 3776 gra-

958 3787 1109 3871 uidimus

169 3936 205 4006 ai
227 3929 331 4012 erup.
345 3927 425 4002 d’oeil
448 3936 493 4001 sut
515 3932 543 4000 le
559 3930 689 4016 congris
713 3933 811 4002 d’Ents
834 3954 864 4015 p.
888 3943 957 4017 κός.

164 4018 899 4103 QMQmfflRstbmcnnp
