2506 4958
128 157 136 171 ·
244 229 397 310 regnum
424 207 556 299 curili
584 212 758 287 interris
783 219 811 287 t.
832 194 1014 288 XXXW.
1075 221 1152 308 303

86 423 91 434 ·
117 380 193 466 vit,
219 399 266 454 ue
289 374 400 452 latriae
423 372 559 458 cultus,
586 372 825 474 adoratioque
844 372 908 451 soli
926 358 1010 473 Deo
1035 374 1155 456 debita

116 490 242 571 unctis
264 486 394 564 deferri
422 484 623 571 uideretur,
655 482 817 562 Patribus
847 489 882 561 in
912 483 1154 564 conessum

116 601 295 703 cofordiae
313 624 368 676 an.
389 617 481 689 794.
522 596 670 696 Ipseque
695 594 848 675 Carolus
877 597 930 674 Μ.
965 596 1078 676 libroa
1107 599 1154 678 de

118 715 190 794 hac
215 736 275 800 re,
316 733 411 810 quos
435 707 629 786 Carolinos
663 722 822 796 vocant,
866 709 910 785 td
931 706 1155 789 Hadrianum

105 851 208 908 cum
230 818 358 922 legatis
388 818 513 896 milite
562 820 691 919 quibus
725 818 946 920 respondens
985 820 1153 920 pontifex

118 938 224 1040 quod
244 933 449 1011 satisfecerit
470 930 634 1018 Catulo,
664 931 828 1009 dubitate
844 952 920 1009 non
951 930 1069 1009 sinunt
1094 935 1153 1033 pia

119 1050 228 1128 huius
259 1046 393 1132 studia.
439 1067 519 1144 quae
549 1042 758 1140 prosecutus
784 1044 834 1121 est
863 1068 946 1143 erga
973 1043 1153 1121 orthodo·

122 1186 210 1239 xam
235 1157 370 1244 sidem,·
389 1155 602 1232 catholicam
624 1152 841 1245 Ecclesiam,
871 1160 1021 1258 eiusque
1046 1166 1156 1258 caput

121 1266 332 1352 Romanum
359 1265 582 1368 pontificem.

586 1513 1009 1534 “**

291 1606 635 1726 Cuius
692 1634 888 1726 XXXV

123 1798 322 1939 smp'trium
332 1796 605 1884 Occidentis!
544 1802 605 1882 uis
603 1809 731 1883 atum
716 1818 833 1884 ecanae
832 1794 949 1895 salsis
937 1810 1043 1906 impp.
1058 1798 1155 1891 cra.
1171 1871 1173 1874 ,

173 1925 256 1999 cis:
287 1900 433 1997 Caralus
454 1917 515 1995 M
533 1909 735 2016 Imperator
761 1912 878 1997 Rama
889 1916 1097 2020 salutatur.
1224 1947 1230 1969 ⁴

182 2030 331 2111 asenne
352 2024 423 2109 lll-
457 2041 652 2108 coronatas

124 2127 256 2315 Sic
243 2177 698 2296 imperatoribusGraecis.
739 2177 924 2296 dumqaae
948 2179 1019 2274 Dei
1046 2186 1154 2278 Clari
1201 2216 1235 2245 -·

197 2309 318 2407 ilique
337 2304 530 2385 Ecclefiae
520 2330 556 2382 an
583 2307 846 2383 commuuione
870 2306 1070 2386 sanslorurn
1099 2334 1154 2388 re
1198 2396 1204 2403 ,

125 2422 357 2519 guantibus
346 2435 514 2505 interra
546 2401 715 2517 usurpant
731 2430 767 2495 et
786 2419 948 2506 turbant,
988 2421 1158 2500 aul'erun

127 2550 279 2618 turea,
321 2547 401 2631 quae
435 2529 516 2608 sunt
540 2528 694 2607 Caesaris.
754 2527 980 2607 Videbantur
1013 2531 1075 2609 sabi
1104 2530 1159 2611 illi

126 2644 211 2721 nelo
239 2643 345 2719 unius
373 2641 443 2720 Dei
472 2641 591 2718 cultus
628 2640 781 2745 abduci:
824 2640 890 2718 acsi
920 2665 1009 2719 vero
1035 2645 1156 2721 honor

127 2779 171 2832 ac
188 2758 370 2830 veneratio
399 2752 549 2839 sanastis,
579 2751 698 2829 Deo'
690 2737 816 2828 intime
841 2754 977 2830 coniun
981 2753 1066 2839 slis,
1105 2769 1157 2831 at·

129 2890 204 2968 que
238 2863 316 2965 ipso
351 2861 435 2942 Deo
466 2868 503 2941 in
537 2863 672 2940 caelesti
704 2862 819 2961 gloria
851 2864 962 2940 beatis
999 2864 1157 2963 impensa

129 2981 318 3055 incorum
342 2979 558 3075 imaginibus
582 2975 705 3051 divino
737 2976 931 3076 quidquam
958 2973 1162 3053 detraheres

130 3087 274 3167 cultuit·
309 3087 471 3189 dumque
503 3087 696 3187 agnoscere
730 3086 861 3162 nolunt
889 3109 972 3164 cum
1011 3084 1160 3164 Ecclesia

130 3198 322 3287 Romana,
369 3213 519 3297 regnare
543 3199 678 3274 saucios
707 3221 791 3274 cunr
818 3195 964 3276 Christo
987 3201 1158 3278 interris

136 3311 246 3413 spec.
266 3307 329 3388 Vs.
350 3308 558 3390 Romanum
580 3315 750 3388 amittunt
767 3311 973 3409 imperium.

216 3462 369 3568 Implere
404 3457 533 3548 scillcet
550 3469 758 3547 festinabant
784 3469 984 3548 mensurant
1017 3480 1161 3571 patruni

133 3583 306 3668 suorum,
337 3606 430 3684 quos
456 3583 563 3681 paula
593 3597 675 3659 ante
709 3582 951 3661 intelleximus
978 3584 1022 3660 ab
1051 3580 1162 3684 uutya
1202 3597 1207 3615 ¹

133 3696 351 3772 chianor'aur
381 3718 423 3772 aa
454 3693 779 3771 Monuthelitarum
811 3694 969 3794 pactibus
999 3691 1161 3794 persecu:

134 3821 233 3883 tures
250 3804 410 3885 Ecclesia
432 3796 520 3892 Der,
553 3808 799 3906 imprimisque
826 3808 977 3885 iniurias
997 3806 1035 3883 in
1054 3805 1164 3885 Chri-a

135 3918 176 3993 sti
197 3921 346 3996 vicarios
369 3914 560 4019 pontifices
579 3913 787 4007 Romanoa,
826 3938 955 3997 carum
978 3920 1088 4018 impia
1107 3939 1166 3997 tra

134 4030 245 4118 Tan.
276 4034 306 4121 l.
622 4022 660 4116 U
799 4118 801 4122 Α
886 4130 894 4142 ,
976 4024 1107 4139 scripta
