2506 4958
274 241 427 318 regnum
447 213 812 306 comminanter.
831 215 947 298 XLV.
1065 233 1142 313 169

106 439 130 476 „
158 381 261 460 toriae
295 380 531 479 Mogontinae
563 401 610 458 ex
644 379 872 477 delegatione
907 380 942 459 S.
963 353 1143 480 pontilicis

105 550 130 588 ‚‚
158 495 387 570 anominato
416 494 638 591 inpartibus
674 490 793 570 Rheni
827 493 1004 570 inferioris
1035 495 1143 574 Nun·

105 661 131 701 „
159 608 213 683 tio
231 603 278 683 D.
298 604 425 692 Pacca,
447 607 593 682 nemine
604 604 876 703 contradicente
891 604 1036 685 formati
1052 665 1085 700 „.

192 763 250 846 Est
269 766 329 850 hic
353 763 628 853 illustrissimus,
657 787 796 843 novum
822 768 991 843 exoriens
1012 770 1047 844 in
1066 752 1144 847 coe·

104 872 147 956 lo
162 878 518 978 hierarchicoptintm
535 877 793 975 magnitudinis
810 874 903 955 srdus
922 877 1002 956 Car.
1020 880 1145 958 Theo-

107 991 223 1067 dorus
238 987 277 1069 Β.
302 991 347 1067 de
369 989 550 1089 Dalberg,
580 993 645 1089 qui
664 991 700 1064 in
722 988 818 1087 spem
840 992 1033 1067 maximam
1058 1016 1145 1090 pro.

106 1104 199 1178 ximi
226 1126 335 1203 quant
370 1104 527 1198 maxime
552 1100 660 1179 seculi
688 1124 786 1177 anno
822 1105 1005 1200 praeterito
1038 1105 1144 1183 etiam

107 1216 146 1289 in
177 1214 428 1291 coadiutorem
459 1212 551 1294 Cels.
585 1212 744 1313 episcopi
783 1210 1064 1292 Constantiensrs
1095 1218 1145 1296 est

110 1325 270 1413 elesius.
300 1329 358 1403 cui
382 1326 503 1421 adeo,
548 1340 590 1403 ut
612 1348 709 1403 eram
739 1323 907 1401 hasienus
942 1327 1143 1405 divinarunt

110 1438 241 1514 dotum
280 1437 504 1524 admirator,
551 1439 597 1513 ita
621 1438 792 1535 deinceps
816 1451 856 1512 ut
880 1435 1078 1517 Ordinatio
1108 1441 1145 1518 in

107 1546 251 1626 dioecefi
271 1547 532 1629 Constantiensr
565 1565 602 1626 et
633 1548 875 1648 metropolitae
895 1553 932 1626 in
952 1551 1145 1629 archidiae.

107 1659 173 1737 cest
209 1659 431 1758 Mogontina
458 1659 593 1760 duplici
621 1659 768 1737 vinculo
812 1663 1054 1758 integerrimae
1080 1665 1147 1741 ob-

107 1771 286 1850 servantiae
310 1788 346 1846 et
365 1772 580 1847 obedientiae
598 1770 810 1856 obstrietus,
843 1793 919 1846 non
940 1771 1056 1850 solum
1077 1778 1145 1850 mi-

108 1883 169 1968 hi,
199 1884 257 1960 sed
278 1881 436 1960 Ecclesrae
461 1882 672 1980 cumprimis
695 1880 883 1979 gratulor,
915 1880 1056 1961 securus
1074 1887 1145 1963 iam

108 1995 167 2068 vel
199 2017 245 2069 ex
268 2019 333 2080 eo,
373 1992 621 2094 quodmodo
654 1990 842 2067 retulimus
866 1989 961 2071 felici
999 1999 1144 2085 omine,

109 2105 189 2181 sore
225 2120 265 2181 ut
297 2108 474 2203 integram
511 2106 604 2179 inter
636 2101 797 2180 summos
830 2100 993 2183 Ecctefiae
1029 2107 1148 2205 pasto·

109 2242 190 2303 res,
222 2215 430 2316 pontificem
452 2233 488 2293 et
509 2216 716 2316 episcopos,
746 2214 903 2294 restituat
918 2215 1145 2333 harmoniam

108 2345 299 2432 tantopere
328 2329 438 2404 hodie
471 2353 490 2405 a
514 2329 742 2427 pragmaticis
767 2327 877 2404 nostri
910 2330 974 2406 aevi
1005 2329 1072 2407 illis
1098 2331 1146 2407 la-

109 2439 291 2526 cessitam,
321 2441 490 2540 quidum
520 2445 555 2516 in
577 2439 686 2517 causis
709 2439 945 2516 contentiosis
966 2442 1039 2518 sere
1064 2461 1146 2521 aeta-

109 2568 183 2628 tem
218 2545 619 2639 terunt,‘alsuescunt,
649 2555 685 2626 in
715 2541 832 2649 sciipo
861 2554 967 2627 etiam
1005 2557 1144 2632 nodum

107 2688 287 2763 querere,
316 2661 475 2742 summos
498 2686 649 2765 quoque
680 2661 880 2740 hierarchas
907 2662 1025 2740 secum
1045 2689 1148 2743 com-

109 2776 303 2852 mittendo.

195 2934 332 3032 Quales
359 2933 527 3011 hadenus
560 2932 788 3033 punslatores
814 2930 994 3012 Emsenses
1025 2934 1146 3015 sumus

111 3050 289 3151 persecuti
315 3051 351 3123 in
377 3046 441 3123 suo
469 3043 675 3133 Resnltato,
707 3059 746 3123 ut
766 3060 924 3134 vocant,
962 3047 1006 3124 ad
1030 3065 1150 3126 extre-

114 3187 215 3238 mum
254 3165 324 3237 ianr
360 3175 468 3256 caput
496 3151 633 3234 delatos
666 3157 710 3235 de
745 3155 853 3235 causra
880 3157 954 3241 suri
989 3159 1150 3240 ecclefia-

112 3275 187 3349 {lici
202 3269 417 3350 contentiosi
430 3328 439 3355 ‚
452 3269 598 3347 Nuntiis
617 3268 825 3369 apostolicis
843 3269 925 3366 (hic
940 3271 1042 3349 nullo
1056 3273 1148 3352 tatto

115 3384 317 3461 discrimine
350 3382 720 3459 extraordinariorum
745 3436 757 3468 ,
802 3381 857 3458 vel
880 3383 1149 3461 ordinariorum

118 3495 176 3571 seu
199 3510 482 3594 perpetuorum,
513 3493 558 3570 de
582 3493 714 3596 quibus
738 3491 821 3569 solis
851 3495 967 3571 modo
1000 3514 1150 3571 contro·

120 3603 231 3682 versia
259 3603 405 3704 agitur)
434 3629 583 3682 omnem
606 3603 750 3703 prorsus
773 3607 858 3681 iuris
876 3605 1018 3683 dicendi
1042 3607 1151 3685 sacul-

118 3732 228 3795 tatem
272 3719 513 3815 abnegantes:
561 3731 640 3795 turn
668 3738 756 3793 vero
789 3740 925 3793 nouum
967 3721 1150 3818 quoddam

121 3828 277 3911 tribunal
304 3828 514 3918 molientes,
545 3826 649 3931 quod
667 3827 890 3931 provinciale
909 3827 1080 3933 synodale
1099 3844 1151 3909 iu·

609 3988 642 4072 L
672 4011 691 4086 ς
889 4054 891 4059 ,
959 3990 1096 4071 dicium
