2506 4958
227 233 377 310 rognum
408 207 539 300 corici
565 213 606 298 in
633 212 753 298 terris.
784 231 813 289 c.
843 208 935 304 xit
1001 267 1004 274 ,
1055 236 1104 311 59

58 376 210 485 {picium
238 375 392 463 habere.
435 374 495 461 SS.
520 373 682 463 Patribus
706 375 833 464 locum
851 356 986 465 'dedtt,
1033 379 1104 456 iarn

61 492 311 593 propinquum
342 492 414 583 (ut
442 487 544 592 supro
571 489 749 577 vidimus.
797 489 1107 591 pluribus-autem

60 606 93 689 io
120 603 217 683 libro
241 600 284 676 de
316 590 465 687 Sublimi
489 602 529 684 irr
554 597 748 704 Evangelio
788 588 919 691 [bristi
949 603 1109 684 ostendi.

60 720 172 803 urus)
198 713 442 802 denuntiandi
472 709 580 798 finem
619 714 755 799 mundi.
817 713 916 797 ldenr
944 714 1108 800 observa·
1165 789 1169 797 ,

61 851 97 904 re
122 826 234 912 licet,
267 829 327 912 ubi
350 826 395 911 de
414 826 573 925 iuuatuor
603 823 951 927 monarchiisepud
973 824 1109 915 Danie.

61 939 129 1027 lem
164 962 219 1015 rer
244 939 320 1024 est,
350 959 501 1039 quarum
533 955 659 1036 quarta
686 934 851 1023 Romana
878 954 987 1044 atque
1014 939 1107 1019 adeo

62 1052 187 1129 ultima
213 1050 291 1136 est,
331 1053 479 1150 eritque.
541 1047 635 1144 Ergo
672 1051 856 1137 oicornus,
899 1050 979 1135 suut
1001 1052 1109 1157 verbo

60 1163 93 1251 ,3.
113 1161 336 1262 Hieronymi
354 1165 390 1239 in
409 1152 486 1267 cap.
509 1156 591 1247 vii.
609 1159 704 1250 Dan.
724 1162 818 1266 quod
830 1160 1109 1261 omresscripto·

57 1299 109 1362 res
141 1270 351 1362 ecclrioiiici
375 1272 631 1359 tradiderunt:
677 1271 973 1371 consummatione
1004 1298 1109 1351 mun·

61 1387 128 1472 dt,
169 1386 308 1483 quando
338 1408 488 1491 regnum
509 1381 809 1490 destruendumest
840 1385 1106 1477 Romanorum,
1163 1484 1166 1490 .

58 1499 171 1585 decem
186 1493 333 1596 futuros
362 1520 487 1598 reges.
535 1501 598 1603 qui
629 1495 747 1580 orbem
780 1497 980 1585 Romanum
1011 1503 1109 1577 inter

50 1609 293 1710 fedioiriont;
322 1621 355 1693 ci
386 1610 607 1696 undecimum
626 1607 874 1708 surreiiurum
895 1610 957 1712 effe
986 1636 1106 1709 regem

54 1720 279 1823 parvulum,
310 1725 371 1820 qui
389 1733 461 1799 tres
484 1745 581 1818 reget
610 1723 651 1809 dc
673 1723 787 1799 docem
803 1722 1041 1823 superaturus
1063 1723 1109 1817 fit

60 1837 128 1916 &o
190 1833 308 1934 Quod
338 1834 595 1924 Antichristum
624 1839 880 1936 interpretatur
905 1860 1042 1923 cornu,
1072 1851 1110 1917 et
1232 1894 1236 1903 .

59 1972 94 2025 os
125 1945 267 2043 loquens
289 1949 458 2044 ingentio.
523 1944 567 2034 Et
586 1952 717 2022 iterum
734 1950 771 2022 in
793 1948 851 2027 illa
871 1950 998 2026 verba:
1018 1946 1113 2045 ospi-

58 2057 190 2136 ciebom
211 2071 360 2156 propter
391 2051 521 2143 vocem¹
537 2056 745 2157 sermonum
762 2052 986 2156 grandium,
1018 2060 1112 2159 quod
1144 2106 1150 2128 ι

57 2195 168 2250 cornu
194 2171 283 2247 iiiuc
302 2169 530 2272 loquebatur:
560 2169 631 2246 Dei
646 2169 819 2249 iudicium
828 2176 1016 2275 ,sinquit‚
1047 2196 1110 2251 oe-

57 2289 111 2359 nit
133 2294 280 2382 propter
314 2262 600 2367 humiliandom'
605 2280 816 2380 superbiam.
876 2283 1013 2363 Idcirco
1037 2285 1109 2363 Ro-

56 2419 201 2473 monum
225 2392 397 2472 delebitur
426 2399 649 2493 imperium:
688 2400 773 2493 quio
807 2420 917 2479 cornu
946 2398 1033 2474 iliud
1057 2397 1108 2475 lo-

60 2506 231 2605 quebatur
265 2509 435 2604 grundio,
494 2506 539 2585 Et
573 2509 672 2595 ridi,
721 2513 895 2610 quoniam
926 2511 1110 2595 interieita

58 2620 142 2698 effet
169 2621 304 2706 bestia,
349 2637 386 2706 et
414 2617 568 2727 periiffet
601 2645 735 2720 corpur
776 2622 883 2699 illius.
943 2621 988 2703 In
1038 2647 1109 2701 uno

57 2731 215 2812 Romano
247 2734 405 2830 ⁴imperio
449 2743 598 2830 propter
648 2730 903 2813 Antichriiium
950 2734 1108 2833 blasphe·
1226 2820 1228 2825 ¹

60 2857 216 2922 montem
236 2848 354 2922 omnio
366 2842 472 2936 simul
487 2867 600 2940 regno
626 2841 767 2931 delendo
777 2843 866 2942 sunt
886 2902 897 2935 ,
929 2862 963 2923 et
979 2871 1110 2943 nequo-

58 2983 165 3055 uuom
192 2968 374 3033 terrenum
397 2961 587 3054 imperium
608 2960 705 3045 erit,
736 2956 796 3050 fed
808 2958 1013 3052 fortiorum
1030 2983 1110 3034 corr.

58 3063 241 3169 oerfirtr'o,
262 3080 297 3145 et
313 3071 484 3146 adventus
505 3068 590 3154 Filii
611 3068 679 3154 Dei
697 3070 965 3167 triumphantis.
1023 3067 1110 3151 Hoc

59 3186 133 3271 est,
155 3181 257 3282 quod
281 3205 368 3261 tunc
382 3185 586 3268 timebatur.
606 3181 852 3263 Tertullianus
869 3187 905 3260 in
929 3183 1114 3284 Apologo-

61 3301 137 3374 tico
152 3297 196 3372 ad
212 3293 400 3382 Romanos
422 3295 467 3370 de
486 3319 594 3373 more
607 3295 797 3373 christiano
821 3298 948 3374 orandi
968 3321 1035 3396 pro
1055 3322 1110 3376 re·

60 3411 170 3507 gibus
191 3424 228 3484 et
248 3411 471 3508 principibus
498 3410 597 3492 iuxta
616 3427 836 3508 praeceptum
863 3409 1028 3508 Apostoli
1055 3410 1111 3489 lo.

57 3540 187 3606 cutus,
214 3538 342 3619 praeter
371 3544 571 3598 commune
602 3512 803 3619 periculum
823 3546 832 3597 :
853 3520 927 3613 Est,
960 3524 1107 3624 inquit,

57 3647 92 3710 et
118 3632 194 3708 olio
212 3635 329 3708 maior
349 3630 517 3729 neceffitos
544 3630 643 3708 nobis
676 3634 804 3709 orandi
827 3649 895 3731 pro
916 3632 1111 3731 Imperato-

54 3744 190 3831 rrius,
220 3748 329 3821 etiam
361 3760 427 3841 pro
459 3747 556 3818 omni
595 3742 686 3832 lictu
722 3747 896 3843 imperii,
942 3745 1111 3844 rebusque

54 3857 260 3948 Romanis,
291 3858 384 3959 quod
417 3861 495 3936 vim
521 3859 719 3937 mximum
745 3858 912 3961 universo
935 3856 1016 3976 orbi
1043 3864 1112 3935 ima

984 4039 1055 4117 rni-
