<?xml version="1.0" encoding="UTF-8"?>
<!DOCTYPE html PUBLIC "-//W3C//DTD XHTML 1.0 Transitional//EN"
    "http://www.w3.org/TR/xhtml1/DTD/xhtml1-transitional.dtd">
<html xmlns="http://www.w3.org/1999/xhtml" xml:lang="en" lang="en">
 <head>
  <title>
</title>
<meta http-equiv="Content-Type" content="text/html;charset=utf-8" />
  <meta name='ocr-system' content='tesseract 3.04.00' />
  <meta name='ocr-capabilities' content='ocr_page ocr_carea ocr_par ocr_line ocrx_word'/>
</head>
<body>
  <div class='ocr_page' id='page_1' title='image "./ecclesiamilitan01gerbgoog_0620.png"; bbox 0 0 2512 4620; ppageno 0'>
   <div class='ocr_carea' id='block_1_1' title="bbox 83 178 1134 755">
    <p class='ocr_par' dir='ltr' id='par_1_1' title="bbox 83 178 1134 755">
     <span class='ocr_line' id='line_1_1' title="bbox 249 178 1133 286; baseline -0.003 -18"><span class='ocrx_word' id='word_1_1' title='bbox 249 205 402 286; x_wconf 72' lang='lat' dir='ltr'>regnem</span> <span class='ocrx_word' id='word_1_2' title='bbox 423 181 612 280; x_wconf 69' lang='lat' dir='ltr'>cimitini</span> <span class='ocrx_word' id='word_1_3' title='bbox 632 178 970 269; x_wconf 61' lang='lat' dir='ltr'>eminentie.</span> <span class='ocrx_word' id='word_1_4' title='bbox 1048 205 1133 283; x_wconf 77' lang='lat'>2³5</span> 
     </span>
     <span class='ocr_line' id='line_1_2' title="bbox 83 351 1134 423; baseline -0.004 0"><span class='ocrx_word' id='word_1_5' title='bbox 83 351 1134 423; x_wconf 53' lang='lat' dir='ltr'>==Rae==·-·-=mae===</span> 
     </span>
     <span class='ocr_line' id='line_1_3' title="bbox 361 491 845 583; baseline -0.004 0"><span class='ocrx_word' id='word_1_6' title='bbox 361 496 451 583; x_wconf 77' lang='lat' dir='ltr'>Ca</span> <span class='ocrx_word' id='word_1_7' title='bbox 480 520 502 581; x_wconf 79' lang='lat' dir='ltr'>t</span> <span class='ocrx_word' id='word_1_8' title='bbox 532 500 616 580; x_wconf 76' lang='lat' dir='ltr'>&#39;ne</span> <span class='ocrx_word' id='word_1_9' title='bbox 671 491 845 583; x_wconf 70' lang='lat' dir='ltr'>xttx·</span> 
     </span>
     <span class='ocr_line' id='line_1_4' title="bbox 269 626 976 755; baseline -0.001 -14"><span class='ocrx_word' id='word_1_10' title='bbox 269 626 468 741; x_wconf 74' lang='lat' dir='ltr'>iudeorum</span> <span class='ocrx_word' id='word_1_11' title='bbox 492 640 680 755; x_wconf 61' lang='lat' dir='ltr'>canonio.</span> <span class='ocrx_word' id='word_1_12' title='bbox 739 656 823 739; x_wconf 80' lang='lat' dir='ltr'>Dte</span> <span class='ocrx_word' id='word_1_13' title='bbox 836 636 976 753; x_wconf 60' lang='lat' dir='ltr'>teies„</span> 
     </span>
    </p>
   </div>
   <div class='ocr_carea' id='block_1_2' title="bbox 83 762 1237 3712">
    <p class='ocr_par' dir='ltr' id='par_1_2' title="bbox 83 762 1237 3712">
     <span class='ocr_line' id='line_1_5' title="bbox 84 762 1132 942; baseline -0.003 -41"><span class='ocrx_word' id='word_1_14' title='bbox 84 762 238 942; x_wconf 86' lang='lat' dir='ltr'>Notat</span> <span class='ocrx_word' id='word_1_15' title='bbox 249 820 285 901; x_wconf 83' lang='lat' dir='ltr'>S.</span> <span class='ocrx_word' id='word_1_16' title='bbox 297 818 548 922; x_wconf 80' lang='lat' dir='ltr'>Hieronymus</span> <span class='ocrx_word' id='word_1_17' title='bbox 570 824 607 901; x_wconf 90' lang='lat' dir='ltr'>in</span> <span class='ocrx_word' id='word_1_18' title='bbox 623 822 729 898; x_wconf 81' lang='lat' dir='ltr'>citata</span> <span class='ocrx_word' id='word_1_19' title='bbox 752 816 923 919; x_wconf 77' lang='lat' dir='ltr'>epistole.</span> <span class='ocrx_word' id='word_1_20' title='bbox 943 816 1132 903; x_wconf 73' lang='lat' dir='ltr'>Antichri-¹</span> 
     </span>
     <span class='ocr_line' id='line_1_6' title="bbox 184 929 1132 1031; baseline 0 -19"><span class='ocrx_word' id='word_1_21' title='bbox 184 936 278 1015; x_wconf 85' lang='lat' dir='ltr'>stum</span> <span class='ocrx_word' id='word_1_22' title='bbox 294 930 477 1030; x_wconf 74' lang='lat' dir='ltr'>intemplo</span> <span class='ocrx_word' id='word_1_23' title='bbox 497 930 568 1010; x_wconf 85' lang='lat' dir='ltr'>Dei</span> <span class='ocrx_word' id='word_1_24' title='bbox 584 931 646 1011; x_wconf 83' lang='lat' dir='ltr'>nei</span> <span class='ocrx_word' id='word_1_25' title='bbox 662 929 879 1031; x_wconf 58' lang='lat' dir='ltr'>ierosolymis</span> <span class='ocrx_word' id='word_1_26' title='bbox 897 935 969 1028; x_wconf 87' lang='lat' dir='ltr'>(ut</span> <span class='ocrx_word' id='word_1_27' title='bbox 987 930 1132 1029; x_wconf 70' lang='lat' dir='ltr'>quidm</span> 
     </span>
     <span class='ocr_line' id='line_1_7' title="bbox 83 1039 1132 1146; baseline 0 -25"><span class='ocrx_word' id='word_1_28' title='bbox 83 1042 244 1146; x_wconf 81' lang='lat' dir='ltr'>putant)</span> <span class='ocrx_word' id='word_1_29' title='bbox 265 1043 327 1124; x_wconf 82' lang='lat' dir='ltr'>oei</span> <span class='ocrx_word' id='word_1_30' title='bbox 342 1048 381 1123; x_wconf 89' lang='lat' dir='ltr'>in</span> <span class='ocrx_word' id='word_1_31' title='bbox 400 1042 543 1137; x_wconf 72' lang='lat' dir='ltr'>neate</span> <span class='ocrx_word' id='word_1_32' title='bbox 564 1049 634 1141; x_wconf 84' lang='lat' dir='ltr'>(ut</span> <span class='ocrx_word' id='word_1_33' title='bbox 650 1046 774 1121; x_wconf 79' lang='lat' dir='ltr'>verius</span> <span class='ocrx_word' id='word_1_34' title='bbox 796 1039 1053 1130; x_wconf 74' lang='lat' dir='ltr'>arbitramur)</span> <span class='ocrx_word' id='word_1_35' title='bbox 1078 1043 1132 1122; x_wconf 83' lang='lat' dir='ltr'>se·</span> 
     </span>
     <span class='ocr_line' id='line_1_8' title="bbox 83 1152 1131 1259; baseline 0 -24"><span class='ocrx_word' id='word_1_36' title='bbox 83 1159 254 1247; x_wconf 81' lang='lat' dir='ltr'>dentem.</span> <span class='ocrx_word' id='word_1_37' title='bbox 292 1156 382 1239; x_wconf 84' lang='lat' dir='ltr'>illud</span> <span class='ocrx_word' id='word_1_38' title='bbox 413 1180 459 1239; x_wconf 81' lang='lat' dir='ltr'>ex</span> <span class='ocrx_word' id='word_1_39' title='bbox 491 1160 669 1259; x_wconf 86' lang='lat' dir='ltr'>opinione</span> <span class='ocrx_word' id='word_1_40' title='bbox 687 1173 850 1236; x_wconf 80' lang='lat' dir='ltr'>veterum</span> <span class='ocrx_word' id='word_1_41' title='bbox 876 1152 1131 1235; x_wconf 80' lang='lat' dir='ltr'>Chilnstnum</span> 
     </span>
     <span class='ocr_line' id='line_1_9' title="bbox 84 1264 1133 1368; baseline -0.001 -19"><span class='ocrx_word' id='word_1_42' title='bbox 84 1269 363 1350; x_wconf 83' lang='lat' dir='ltr'>christianorum</span> <span class='ocrx_word' id='word_1_43' title='bbox 397 1268 657 1351; x_wconf 82' lang='lat' dir='ltr'>iudaizantinm</span> <span class='ocrx_word' id='word_1_44' title='bbox 687 1264 903 1368; x_wconf 76' lang='lat' dir='ltr'>Apoealypti</span> <span class='ocrx_word' id='word_1_45' title='bbox 926 1266 962 1346; x_wconf 80' lang='lat' dir='ltr'>S.</span> <span class='ocrx_word' id='word_1_46' title='bbox 984 1264 1133 1348; x_wconf 71' lang='lat' dir='ltr'>ioanni·</span> 
     </span>
     <span class='ocr_line' id='line_1_10' title="bbox 85 1379 1130 1480; baseline 0.005 -21"><span class='ocrx_word' id='word_1_47' title='bbox 85 1383 336 1468; x_wconf 80' lang='lat' dir='ltr'>abutentium,</span> <span class='ocrx_word' id='word_1_48' title='bbox 367 1382 446 1458; x_wconf 88' lang='lat' dir='ltr'>imo</span> <span class='ocrx_word' id='word_1_49' title='bbox 472 1384 576 1459; x_wconf 77' lang='lat' dir='ltr'>variis</span> <span class='ocrx_word' id='word_1_50' title='bbox 597 1384 817 1460; x_wconf 79' lang='lat' dir='ltr'>commentis</span> <span class='ocrx_word' id='word_1_51' title='bbox 843 1379 1130 1480; x_wconf 78' lang='lat' dir='ltr'>deturpnutinn.</span> 
     </span>
     <span class='ocr_line' id='line_1_11' title="bbox 86 1487 1131 1593; baseline 0.002 -23"><span class='ocrx_word' id='word_1_52' title='bbox 86 1493 214 1589; x_wconf 83' lang='lat' dir='ltr'><strong>Quare</strong></span> <span class='ocrx_word' id='word_1_53' title='bbox 235 1496 271 1573; x_wconf 87' lang='lat' dir='ltr'>in</span> <span class='ocrx_word' id='word_1_54' title='bbox 293 1491 441 1593; x_wconf 83' lang='lat' dir='ltr'>epistola</span> <span class='ocrx_word' id='word_1_55' title='bbox 461 1493 504 1571; x_wconf 87' lang='lat' dir='ltr'>nd</span> <span class='ocrx_word' id='word_1_56' title='bbox 524 1491 734 1574; x_wconf 81' lang='lat' dir='ltr'><strong>Marcellam</strong></span> <span class='ocrx_word' id='word_1_57' title='bbox 754 1487 794 1586; x_wconf 87' lang='lat' dir='ltr'>o)</span> <span class='ocrx_word' id='word_1_58' title='bbox 812 1490 1021 1591; x_wconf 72' lang='lat' dir='ltr'>denumque</span> <span class='ocrx_word' id='word_1_59' title='bbox 1036 1516 1131 1589; x_wconf 78' lang='lat' dir='ltr'>qna·</span> 
     </span>
     <span class='ocr_line' id='line_1_12' title="bbox 83 1595 1129 1706; baseline 0.004 -25"><span class='ocrx_word' id='word_1_60' title='bbox 83 1602 274 1700; x_wconf 69' lang='lat' dir='ltr'>itionibus,</span> <span class='ocrx_word' id='word_1_61' title='bbox 305 1604 349 1681; x_wconf 85' lang='lat' dir='ltr'>ad</span> <span class='ocrx_word' id='word_1_62' title='bbox 368 1608 509 1683; x_wconf 86' lang='lat' dir='ltr'><strong>tertiam</strong></span> <span class='ocrx_word' id='word_1_63' title='bbox 531 1607 785 1706; x_wconf 74' lang='lat' dir='ltr'>questionem,</span> <span class='ocrx_word' id='word_1_64' title='bbox 814 1658 839 1697; x_wconf 85' lang='lat'>„</span> <span class='ocrx_word' id='word_1_65' title='bbox 858 1595 907 1679; x_wconf 76' lang='lat' dir='ltr'>de‘</span> <span class='ocrx_word' id='word_1_66' title='bbox 922 1599 1129 1685; x_wconf 83' lang='lat' dir='ltr'>Enochao·</span> 
     </span>
     <span class='ocr_line' id='line_1_13' title="bbox 84 1712 1129 1817; baseline 0.003 -22"><span class='ocrx_word' id='word_1_67' title='bbox 84 1774 109 1814; x_wconf 86' lang='lat'>,‚</span> <span class='ocrx_word' id='word_1_68' title='bbox 137 1732 210 1795; x_wconf 84' lang='lat' dir='ltr'>tem</span> <span class='ocrx_word' id='word_1_69' title='bbox 230 1714 401 1814; x_wconf 83' lang='lat' dir='ltr'>(sotibit)</span> <span class='ocrx_word' id='word_1_70' title='bbox 417 1733 453 1797; x_wconf 86' lang='lat' dir='ltr'>et</span> <span class='ocrx_word' id='word_1_71' title='bbox 470 1712 552 1797; x_wconf 81' lang='lat' dir='ltr'>-Eiin</span> <span class='ocrx_word' id='word_1_72' title='bbox 579 1740 675 1814; x_wconf 84' lang='lat' dir='ltr'>qnos</span> <span class='ocrx_word' id='word_1_73' title='bbox 695 1731 871 1795; x_wconf 83' lang='lat' dir='ltr'>venturos</span> <span class='ocrx_word' id='word_1_74' title='bbox 895 1714 1129 1817; x_wconf 76' lang='lat' dir='ltr'>Apocalypfis</span> 
     </span>
     <span class='ocr_line' id='line_1_14' title="bbox 83 1824 1130 1927; baseline 0.001 -22"><span class='ocrx_word' id='word_1_75' title='bbox 83 1885 106 1923; x_wconf 87' lang='lat'><strong>„</strong></span> <span class='ocrx_word' id='word_1_76' title='bbox 134 1829 262 1914; x_wconf 82' lang='lat' dir='ltr'>refert.</span> <span class='ocrx_word' id='word_1_77' title='bbox 292 1842 330 1905; x_wconf 88' lang='lat' dir='ltr'>et</span> <span class='ocrx_word' id='word_1_78' title='bbox 349 1826 418 1906; x_wconf 83' lang='lat' dir='ltr'>effe</span> <span class='ocrx_word' id='word_1_79' title='bbox 442 1829 663 1912; x_wconf 83' lang='lat' dir='ltr'>morituros,</span> <span class='ocrx_word' id='word_1_80' title='bbox 693 1849 769 1901; x_wconf 93' lang='lat' dir='ltr'>non</span> <span class='ocrx_word' id='word_1_81' title='bbox 794 1826 844 1903; x_wconf 87' lang='lat' dir='ltr'>est</span> <span class='ocrx_word' id='word_1_82' title='bbox 866 1824 966 1903; x_wconf 69' lang='lat' dir='ltr'>istius</span> <span class='ocrx_word' id='word_1_83' title='bbox 985 1842 1130 1927; x_wconf 86' lang='lat' dir='ltr'>tempo-</span> 
     </span>
     <span class='ocr_line' id='line_1_15' title="bbox 83 1936 1129 2038; baseline 0.001 -23"><span class='ocrx_word' id='word_1_84' title='bbox 83 1997 107 2037; x_wconf 84' lang='lat'>„</span> <span class='ocrx_word' id='word_1_85' title='bbox 137 1943 184 2017; x_wconf 79' lang='lat' dir='ltr'>ris</span> <span class='ocrx_word' id='word_1_86' title='bbox 211 1938 428 2038; x_wconf 87' lang='lat' dir='ltr'>disputatio,</span> <span class='ocrx_word' id='word_1_87' title='bbox 459 1958 576 2037; x_wconf 85' lang='lat' dir='ltr'>quum</span> <span class='ocrx_word' id='word_1_88' title='bbox 599 1939 720 2015; x_wconf 81' lang='lat' dir='ltr'>omnin</span> <span class='ocrx_word' id='word_1_89' title='bbox 745 1936 806 2013; x_wconf 86' lang='lat' dir='ltr'>ille</span> <span class='ocrx_word' id='word_1_90' title='bbox 831 1936 922 2011; x_wconf 86' lang='lat' dir='ltr'>liber</span> <span class='ocrx_word' id='word_1_91' title='bbox 943 1952 1005 2014; x_wconf 87' lang='lat' dir='ltr'>aut</span> <span class='ocrx_word' id='word_1_92' title='bbox 1029 1940 1129 2036; x_wconf 82' lang='lat' dir='ltr'>spiti-</span> 
     </span>
     <span class='ocr_line' id='line_1_16' title="bbox 83 2044 1124 2148; baseline -0.001 -19"><span class='ocrx_word' id='word_1_93' title='bbox 83 2109 107 2146; x_wconf 86' lang='lat'>„</span> <span class='ocrx_word' id='word_1_94' title='bbox 138 2051 282 2129; x_wconf 86' lang='lat' dir='ltr'>tualitet</span> <span class='ocrx_word' id='word_1_95' title='bbox 309 2048 568 2148; x_wconf 85' lang='lat' dir='ltr'>intelligendus</span> <span class='ocrx_word' id='word_1_96' title='bbox 593 2044 656 2135; x_wconf 81' lang='lat' dir='ltr'>iit,</span> <span class='ocrx_word' id='word_1_97' title='bbox 687 2061 727 2125; x_wconf 91' lang='lat' dir='ltr'>nt</span> <span class='ocrx_word' id='word_1_98' title='bbox 760 2070 828 2126; x_wconf 80' lang='lat' dir='ltr'>nos</span> <span class='ocrx_word' id='word_1_99' title='bbox 856 2047 1124 2128; x_wconf 83' lang='lat' dir='ltr'>existimemus:</span> 
     </span>
     <span class='ocr_line' id='line_1_17' title="bbox 83 2156 1129 2262; baseline -0.011 -20"><span class='ocrx_word' id='word_1_100' title='bbox 83 2222 107 2259; x_wconf 88' lang='lat'>„</span> <span class='ocrx_word' id='word_1_101' title='bbox 137 2179 198 2242; x_wconf 88' lang='lat' dir='ltr'>aut</span> <span class='ocrx_word' id='word_1_102' title='bbox 223 2159 250 2239; x_wconf 84' lang='lat' dir='ltr'><strong>fi</strong></span> <span class='ocrx_word' id='word_1_103' title='bbox 273 2160 449 2243; x_wconf 84' lang='lat' dir='ltr'>carnalem</span> <span class='ocrx_word' id='word_1_104' title='bbox 470 2161 808 2262; x_wconf 81' lang='lat' dir='ltr'>interpretationem</span> <span class='ocrx_word' id='word_1_105' title='bbox 828 2156 1030 2261; x_wconf 83' lang='lat' dir='ltr'>sequimur.</span> <span class='ocrx_word' id='word_1_106' title='bbox 1068 2158 1129 2240; x_wconf 88' lang='lat' dir='ltr'>ln.</span> 
     </span>
     <span class='ocr_line' id='line_1_18' title="bbox 83 2268 1136 2377; baseline -0.001 -26"><span class='ocrx_word' id='word_1_107' title='bbox 83 2275 120 2370; x_wconf 77' lang='lat'>„&#39;</span> <span class='ocrx_word' id='word_1_108' title='bbox 138 2274 246 2351; x_wconf 80' lang='lat' dir='ltr'>deicis</span> <span class='ocrx_word' id='word_1_109' title='bbox 268 2271 397 2353; x_wconf 81' lang='lat' dir='ltr'>fabulis</span> <span class='ocrx_word' id='word_1_110' title='bbox 412 2271 710 2377; x_wconf 81' lang='lat' dir='ltr'>acquiescendum</span> <span class='ocrx_word' id='word_1_111' title='bbox 732 2268 793 2357; x_wconf 77' lang='lat' dir='ltr'>sit.</span> <span class='ocrx_word' id='word_1_112' title='bbox 824 2270 1023 2351; x_wconf 81' lang='lat' dir='ltr'>utentium</span> <span class='ocrx_word' id='word_1_113' title='bbox 1043 2272 1136 2351; x_wconf 71' lang='lat' dir='ltr'>edi·</span> 
     </span>
     <span class='ocr_line' id='line_1_19' title="bbox 86 2382 1137 2483; baseline -0.005 -17"><span class='ocrx_word' id='word_1_114' title='bbox 86 2445 112 2483; x_wconf 87' lang='lat'>„</span> <span class='ocrx_word' id='word_1_115' title='bbox 142 2385 270 2466; x_wconf 85' lang='lat' dir='ltr'>ficetur</span> <span class='ocrx_word' id='word_1_116' title='bbox 298 2383 376 2465; x_wconf 85' lang='lat' dir='ltr'>lero</span> <span class='ocrx_word' id='word_1_117' title='bbox 381 2384 508 2474; x_wconf 82' lang='lat' dir='ltr'>salem,</span> <span class='ocrx_word' id='word_1_118' title='bbox 538 2403 576 2462; x_wconf 79' lang='lat' dir='ltr'>ot</span> <span class='ocrx_word' id='word_1_119' title='bbox 601 2383 724 2463; x_wconf 81' lang='lat' dir='ltr'>hostiae</span> <span class='ocrx_word' id='word_1_120' title='bbox 752 2382 953 2464; x_wconf 78' lang='lat' dir='ltr'>offerantur</span> <span class='ocrx_word' id='word_1_121' title='bbox 975 2386 1012 2463; x_wconf 90' lang='lat' dir='ltr'>in</span> <span class='ocrx_word' id='word_1_122' title='bbox 1037 2400 1137 2463; x_wconf 75' lang='lat' dir='ltr'>tem:</span> 
     </span>
     <span class='ocr_line' id='line_1_20' title="bbox 83 2495 1237 2598; baseline 0.001 -24"><span class='ocrx_word' id='word_1_123' title='bbox 83 2555 107 2595; x_wconf 79' lang='lat'>‚‚</span> <span class='ocrx_word' id='word_1_124' title='bbox 137 2498 227 2598; x_wconf 88' lang='lat' dir='ltr'>plo,</span> <span class='ocrx_word' id='word_1_125' title='bbox 256 2511 294 2575; x_wconf 89' lang='lat' dir='ltr'>et</span> <span class='ocrx_word' id='word_1_126' title='bbox 316 2495 642 2596; x_wconf 78' lang='lat' dir='ltr'>spititualiculto</span> <span class='ocrx_word' id='word_1_127' title='bbox 631 2498 854 2584; x_wconf 80' lang='lat' dir='ltr'>imminuto.</span> <span class='ocrx_word' id='word_1_128' title='bbox 881 2496 1038 2575; x_wconf 75' lang='lat' dir='ltr'>carnales</span> <span class='ocrx_word' id='word_1_129' title='bbox 1059 2496 1135 2575; x_wconf 88' lang='lat' dir='ltr'>ob·</span> <span class='ocrx_word' id='word_1_130' title='bbox 1232 2528 1237 2555; x_wconf 84' lang='lat'><em>=</em></span> 
     </span>
     <span class='ocr_line' id='line_1_21' title="bbox 83 2604 1128 2706; baseline 0.004 -21.214"><span class='ocrx_word' id='word_1_131' title='bbox 83 2615 274 2706; x_wconf 79' lang='lat' dir='ltr'>„tineent</span> <span class='ocrx_word' id='word_1_132' title='bbox 294 2611 566 2701; x_wconf 53' lang='lat' dir='ltr'>ceremoniaew</span> <span class='ocrx_word' id='word_1_133' title='bbox 621 2605 737 2705; x_wconf 83' lang='lat' dir='ltr'>Apoc</span> <span class='ocrx_word' id='word_1_134' title='bbox 758 2604 828 2689; x_wconf 90' lang='grc' dir='ltr'>ΧΙ.</span> <span class='ocrx_word' id='word_1_135' title='bbox 839 2608 900 2685; x_wconf 89' lang='lat' dir='ltr'>nbi</span> <span class='ocrx_word' id='word_1_136' title='bbox 918 2608 964 2687; x_wconf 87' lang='lat' dir='ltr'>de</span> <span class='ocrx_word' id='word_1_137' title='bbox 981 2607 1128 2688; x_wconf 73' lang='lat' dir='ltr'>dnobus</span> 
     </span>
     <span class='ocr_line' id='line_1_22' title="bbox 83 2715 1125 2817; baseline -0.001 -17"><span class='ocrx_word' id='word_1_138' title='bbox 83 2721 232 2802; x_wconf 80' lang='lat' dir='ltr'>testibus</span> <span class='ocrx_word' id='word_1_139' title='bbox 259 2721 399 2817; x_wconf 83' lang='lat' dir='ltr'>agitor,</span> <span class='ocrx_word' id='word_1_140' title='bbox 445 2741 513 2799; x_wconf 88' lang='lat' dir='ltr'>nec</span> <span class='ocrx_word' id='word_1_141' title='bbox 543 2715 672 2797; x_wconf 82' lang='lat' dir='ltr'>Enoch</span> <span class='ocrx_word' id='word_1_142' title='bbox 700 2719 933 2807; x_wconf 84' lang='lat' dir='ltr'>nominator.</span> <span class='ocrx_word' id='word_1_143' title='bbox 977 2719 1098 2797; x_wconf 86' lang='lat' dir='ltr'>alibi</span> <span class='ocrx_word' id='word_1_144' title='bbox 1088 2745 1125 2799; x_wconf 82' lang='lat' dir='ltr'>tn</span> 
     </span>
     <span class='ocr_line' id='line_1_23' title="bbox 83 2826 1130 2934; baseline -0.002 -23"><span class='ocrx_word' id='word_1_145' title='bbox 83 2832 282 2934; x_wconf 74' lang='lat' dir='ltr'>scripturis</span> <span class='ocrx_word' id='word_1_146' title='bbox 303 2829 400 2911; x_wconf 87' lang='lat' dir='ltr'>solus</span> <span class='ocrx_word' id='word_1_147' title='bbox 426 2826 541 2915; x_wconf 82' lang='lat' dir='ltr'>Elias.</span> <span class='ocrx_word' id='word_1_148' title='bbox 570 2826 682 2909; x_wconf 82' lang='lat' dir='ltr'>veluti</span> <span class='ocrx_word' id='word_1_149' title='bbox 710 2826 797 2906; x_wconf 82' lang='lat' dir='ltr'>Mel.</span> <span class='ocrx_word' id='word_1_150' title='bbox 827 2826 891 2909; x_wconf 81' lang='lat' dir='ltr'>tv.</span> <span class='ocrx_word' id='word_1_151' title='bbox 926 2841 987 2919; x_wconf 81' lang='lat'>56.</span> <span class='ocrx_word' id='word_1_152' title='bbox 1045 2829 1130 2910; x_wconf 81' lang='lat' dir='ltr'>Ecee</span> 
     </span>
     <span class='ocr_line' id='line_1_24' title="bbox 83 2938 1126 3044; baseline -0.005 -19"><span class='ocrx_word' id='word_1_153' title='bbox 83 2968 148 3044; x_wconf 80' lang='lat' dir='ltr'>ego</span> <span class='ocrx_word' id='word_1_154' title='bbox 174 2945 318 3020; x_wconf 85' lang='lat' dir='ltr'>mittam</span> <span class='ocrx_word' id='word_1_155' title='bbox 342 2938 443 3018; x_wconf 81' lang='lat' dir='ltr'>vobis</span> <span class='ocrx_word' id='word_1_156' title='bbox 469 2938 584 3019; x_wconf 78' lang='lat' dir='ltr'>Etiam</span> <span class='ocrx_word' id='word_1_157' title='bbox 612 2938 822 3038; x_wconf 78' lang='lat' dir='ltr'>prophetam</span> <span class='ocrx_word' id='word_1_158' title='bbox 859 2950 969 3031; x_wconf 83' lang='lat' dir='ltr'>ante.</span> <span class='ocrx_word' id='word_1_159' title='bbox 1019 2964 1126 3041; x_wconf 80' lang='lat' dir='ltr'>quom</span> 
     </span>
     <span class='ocr_line' id='line_1_25' title="bbox 83 3049 1140 3153; baseline -0.006 -16"><span class='ocrx_word' id='word_1_160' title='bbox 83 3060 211 3137; x_wconf 87' lang='lat' dir='ltr'>veniat</span> <span class='ocrx_word' id='word_1_161' title='bbox 233 3054 305 3137; x_wconf 82' lang='lat' dir='ltr'>dies</span> <span class='ocrx_word' id='word_1_162' title='bbox 329 3052 478 3130; x_wconf 84' lang='lat' dir='ltr'>Domini</span> <span class='ocrx_word' id='word_1_163' title='bbox 500 3074 652 3153; x_wconf 83' lang='lat' dir='ltr'>magnus</span> <span class='ocrx_word' id='word_1_164' title='bbox 672 3063 708 3130; x_wconf 86' lang='lat' dir='ltr'>et</span> <span class='ocrx_word' id='word_1_165' title='bbox 724 3049 901 3132; x_wconf 80' lang='lat' dir='ltr'>terribilis</span> <span class='ocrx_word' id='word_1_166' title='bbox 920 3062 955 3129; x_wconf 85' lang='lat' dir='ltr'>et</span> <span class='ocrx_word' id='word_1_167' title='bbox 980 3076 1140 3134; x_wconf 74' lang='lat' dir='ltr'>conon--</span> 
     </span>
     <span class='ocr_line' id='line_1_26' title="bbox 83 3159 1204 3265; baseline -0.002 -16"><span class='ocrx_word' id='word_1_168' title='bbox 83 3181 136 3249; x_wconf 86' lang='lat' dir='ltr'>tet</span> <span class='ocrx_word' id='word_1_169' title='bbox 161 3191 222 3247; x_wconf 85' lang='lat' dir='ltr'>cor</span> <span class='ocrx_word' id='word_1_170' title='bbox 246 3176 394 3265; x_wconf 76' lang='lat' dir='ltr'>patrum</span> <span class='ocrx_word' id='word_1_171' title='bbox 424 3168 464 3242; x_wconf 86' lang='lat' dir='ltr'>in</span> <span class='ocrx_word' id='word_1_172' title='bbox 479 3162 576 3263; x_wconf 68' lang='lat' dir='ltr'>filiai</span> <span class='ocrx_word' id='word_1_173' title='bbox 602 3175 637 3242; x_wconf 85' lang='lat' dir='ltr'>et</span> <span class='ocrx_word' id='word_1_174' title='bbox 661 3186 725 3244; x_wconf 81' lang='lat' dir='ltr'>tor</span> <span class='ocrx_word' id='word_1_175' title='bbox 740 3159 906 3262; x_wconf 71' lang='lat' dir='ltr'>filiorum</span> <span class='ocrx_word' id='word_1_176' title='bbox 935 3165 984 3245; x_wconf 78' lang='lat' dir='ltr'>od</span> <span class='ocrx_word' id='word_1_177' title='bbox 1003 3178 1128 3265; x_wconf 79' lang='lat' dir='ltr'>patret</span> <span class='ocrx_word' id='word_1_178' title='bbox 1200 3196 1204 3209; x_wconf 90' lang='lat'><strong>·</strong></span> 
     </span>
     <span class='ocr_line' id='line_1_27' title="bbox 83 3274 1161 3376; baseline -0.005 -16"><span class='ocrx_word' id='word_1_179' title='bbox 83 3303 232 3361; x_wconf 88' lang='lat' dir='ltr'>eorum:</span> <span class='ocrx_word' id='word_1_180' title='bbox 261 3274 588 3376; x_wconf 79' lang='lat' dir='ltr'>neforteveniam‚</span> <span class='ocrx_word' id='word_1_181' title='bbox 614 3285 649 3354; x_wconf 87' lang='lat' dir='ltr'>et</span> <span class='ocrx_word' id='word_1_182' title='bbox 667 3281 867 3376; x_wconf 74' lang='lat' dir='ltr'>percutiam</span> <span class='ocrx_word' id='word_1_183' title='bbox 882 3287 1020 3357; x_wconf 85' lang='lat' dir='ltr'>terram</span> <span class='ocrx_word' id='word_1_184' title='bbox 1039 3290 1161 3355; x_wconf 72' lang='lat' dir='ltr'>ann-².</span> 
     </span>
     <span class='ocr_line' id='line_1_28' title="bbox 84 3385 1142 3489; baseline -0.002 -16"><span class='ocrx_word' id='word_1_185' title='bbox 84 3393 250 3473; x_wconf 77' lang='lat' dir='ltr'>themate.</span> <span class='ocrx_word' id='word_1_186' title='bbox 306 3387 434 3475; x_wconf 77' lang='lat' dir='ltr'>Ecciei</span> <span class='ocrx_word' id='word_1_187' title='bbox 455 3385 629 3471; x_wconf 84' lang='lat' dir='ltr'>vam.</span> <span class='ocrx_word' id='word_1_188' title='bbox 650 3389 856 3468; x_wconf 71' lang='lat' dir='ltr'>indicitur</span> <span class='ocrx_word' id='word_1_189' title='bbox 873 3385 1142 3489; x_wconf 75' lang='lat' dir='ltr'>Eiiaescriptm&#39;</span> 
     </span>
     <span class='ocr_line' id='line_1_29' title="bbox 83 3498 1129 3603; baseline -0.006 -17"><span class='ocrx_word' id='word_1_190' title='bbox 83 3510 130 3586; x_wconf 85' lang='lat' dir='ltr'>in</span> <span class='ocrx_word' id='word_1_191' title='bbox 158 3502 298 3583; x_wconf 77' lang='lat' dir='ltr'>iudiciis</span> <span class='ocrx_word' id='word_1_192' title='bbox 337 3515 535 3603; x_wconf 77' lang='lat' dir='ltr'>temporum</span> <span class='ocrx_word' id='word_1_193' title='bbox 559 3498 673 3598; x_wconf 74' lang='lat' dir='ltr'>lenire</span> <span class='ocrx_word' id='word_1_194' title='bbox 698 3500 924 3579; x_wconf 79' lang='lat' dir='ltr'>iracundiam</span> <span class='ocrx_word' id='word_1_195' title='bbox 954 3501 1104 3580; x_wconf 83' lang='lat' dir='ltr'>Domini</span> <span class='ocrx_word' id='word_1_196' title='bbox 1111 3525 1129 3595; x_wconf 86' lang='lat'>,·</span> 
     </span>
     <span class='ocr_line' id='line_1_30' title="bbox 84 3609 1140 3712; baseline 0.004 -20"><span class='ocrx_word' id='word_1_197' title='bbox 84 3613 278 3700; x_wconf 83' lang='lat' dir='ltr'>conciliare</span> <span class='ocrx_word' id='word_1_198' title='bbox 299 3636 361 3690; x_wconf 88' lang='lat' dir='ltr'>eor</span> <span class='ocrx_word' id='word_1_199' title='bbox 379 3617 495 3712; x_wconf 78' lang='lat' dir='ltr'>patris</span> <span class='ocrx_word' id='word_1_200' title='bbox 520 3610 569 3690; x_wconf 79' lang='lat' dir='ltr'>nd</span> <span class='ocrx_word' id='word_1_201' title='bbox 576 3610 721 3710; x_wconf 75' lang='lat' dir='ltr'>filium,</span> <span class='ocrx_word' id='word_1_202' title='bbox 749 3623 785 3689; x_wconf 87' lang='lat' dir='ltr'>et</span> <span class='ocrx_word' id='word_1_203' title='bbox 806 3609 988 3704; x_wconf 65' lang='lat' dir='ltr'>restituere</span> <span class='ocrx_word' id='word_1_204' title='bbox 1010 3612 1140 3695; x_wconf 78' lang='lat' dir='ltr'>tribus·</span> 
     </span>
    </p>
   </div>
   <div class='ocr_carea' id='block_1_3' title="bbox 83 3722 1129 3947">
    <p class='ocr_par' dir='ltr' id='par_1_3' title="bbox 83 3722 1129 3947">
     <span class='ocr_line' id='line_1_31' title="bbox 83 3722 1129 3835; baseline -0.005 -23"><span class='ocrx_word' id='word_1_205' title='bbox 83 3723 206 3812; x_wconf 85' lang='lat' dir='ltr'>Iacob.</span> <span class='ocrx_word' id='word_1_206' title='bbox 265 3722 368 3807; x_wconf 82' lang='lat' dir='ltr'>Beati</span> <span class='ocrx_word' id='word_1_207' title='bbox 375 3722 483 3835; x_wconf 74' lang='lat' dir='ltr'>sunt,</span> <span class='ocrx_word' id='word_1_208' title='bbox 503 3726 564 3825; x_wconf 79' lang='lat' dir='ltr'>qni</span> <span class='ocrx_word' id='word_1_209' title='bbox 578 3734 615 3803; x_wconf 89' lang='lat' dir='ltr'>te</span> <span class='ocrx_word' id='word_1_210' title='bbox 628 3723 823 3819; x_wconf 75' lang='lat' dir='ltr'>viderunt,</span> <span class='ocrx_word' id='word_1_211' title='bbox 852 3734 888 3805; x_wconf 83' lang='lat' dir='ltr'>at</span> <span class='ocrx_word' id='word_1_212' title='bbox 905 3727 947 3807; x_wconf 86' lang='lat' dir='ltr'>in</span> <span class='ocrx_word' id='word_1_213' title='bbox 966 3728 1129 3807; x_wconf 79' lang='lat' dir='ltr'>amicitie</span> 
     </span>
     <span class='ocr_line' id='line_1_32' title="bbox 1007 3869 1074 3947; baseline 0.09 -6"><span class='ocrx_word' id='word_1_214' title='bbox 1007 3869 1074 3947; x_wconf 81' lang='lat' dir='ltr'>tna</span> 
     </span>
    </p>
   </div>
   <div class='ocr_carea' id='block_1_4' title="bbox 131 3977 449 4065">
    <p class='ocr_par' dir='ltr' id='par_1_4' title="bbox 131 3977 449 4065">
     <span class='ocr_line' id='line_1_33' title="bbox 131 3977 449 4065; baseline 0.003 -17"><span class='ocrx_word' id='word_1_215' title='bbox 131 3977 449 4065; x_wconf 47' lang='lat' dir='ltr'>ommam</span> 
     </span>
    </p>
   </div>
   <div class='ocr_carea' id='block_1_5' title="bbox 0 0 1260 4620">
    <p class='ocr_par' dir='ltr' id='par_1_5' title="bbox 0 0 1260 4620">
     <span class='ocr_line' id='line_1_34' title="bbox 0 0 1260 4620; baseline 0 0"><span class='ocrx_word' id='word_1_216' title='bbox 0 0 1260 4620; x_wconf 95' lang='lat' dir='ltr'> </span> 
     </span>
    </p>
   </div>
  </div>
 </body>
</html>
