2506 4958
255 262 409 395 agapem
442 235 572 330 cardi
599 240 639 318 in
666 239 787 319 terris.
816 260 845 318 e.
873 235 1020 324 XXIV.
1055 240 1166 339 'ota'

111 400 396 497 Tbellalouicae3
411 404 472 481 ubi
488 401 561 502 ipse
577 402 637 481 hic
652 399 881 482 Theodolius
902 402 1016 504 strage
1028 411 1149 498 700'0.

110 519 310 603 bominum
331 517 444 603 iada,
471 515 792 614 morigerum'sese
811 516 976 594 exhibuit
1000 519 1046 596 ad
1068 541 1153 619 poe.

110 634 331 715 nitentiam,
362 624 638 705 aS.Ambrofio
666 628 782 705 redux
808 625 1059 707 Mediolanum
1090 632 1153 710 ab·

110 746 250 837 iltutus
278 744 381 819 iuxta
407 741 574 818 ordinem
604 737 781 826 ecclesie.
820 736 859 829 a)
889 795 912 833 ‚,
933 756 969 819 et
991 739 1152 824 ecclelia.

109 912 134 952 „
163 856 248 934 stica
270 854 452 930 coercitus
483 850 683 951 disciplina,
714 849 762 927 lic
779 853 855 949 egit
873 856 1149 952 poenitentiam.

109 1024 133 1063 „
164 981 206 1046 ut
239 967 509 1065 imperatoriam
548 987 618 1062 pro
656 960 718 1038 illo
747 960 992 1042 cellltudinem
1028 990 1150 1071 popu.

109 1136 135 1176 ,‚
163 1079 220 1162 lua
238 1101 345 1154 orans
363 1079 476 1174 magis
495 1073 596 1151 fleret
617 1074 775 1151 videndo
788 1077 1020 1174 prostratam,
1039 1102 1149 1181 quam

108 1189 350 1292 „peccando
379 1192 522 1264 timeret
549 1191 685 1264 iratam.
742 1185 832 1266 Haec
861 1186 921 1266 ille
939 1190 1083 1279 lecum,
1113 1205 1151 1271 et

109 1359 134 1399 „
164 1301 279 1403 fiqua
306 1298 446 1385 limilia,
478 1323 556 1399 que
580 1322 870 1379 commemorare
891 1299 1047 1400 longum
1074 1304 1148 1393 est.

110 1471 136 1512 ,‚
166 1417 264 1494 bona
298 1435 409 1512 opera
433 1411 517 1489 tulit
546 1467 557 1498 .
612 1433 657 1487 ex
687 1411 754 1487 illo
790 1414 984 1512 temporali
1011 1437 1151 1515 vapore

108 1584 133 1624 „
163 1524 353 1607 cuiuslibet
384 1522 587 1609 culminis,
643 1537 679 1598 ot
703 1521 926 1601 sublimitatis
956 1525 1146 1616 humanm,

109 1696 134 1735 „
165 1660 324 1740 quorum
362 1659 516 1736 operum
557 1657 693 1712 merces
722 1634 772 1711 est
806 1652 938 1715 aeterna
969 1638 1147 1729 felicitas.

110 1807 134 1847 „
165 1754 268 1829 cuius
288 1748 393 1826 dator
411 1764 448 1825 et
469 1745 571 1826 Deus
591 1746 673 1824 solis
697 1751 868 1826 voraciter
890 1751 957 1849 piis
978 1751 1047 1829 dcc.
1066 1806 1091 1845 ,‚

117 2289 249 2369 Oriens
263 2285 440 2379 haereditus
462 2289 746 2365 contaminatus:
774 2285 931 2385 Schisma
949 2285 1151 2381 Donatista·

168 2427 252 2480 rum
275 2403 314 2478 in
336 2398 461 2497 Africo
484 2401 622 2477 demum
642 2416 702 2498 ope
723 2398 975 2479 catholicorum
989 2406 1094 2501 prin.

169 2519 289 2613 cipum
318 2510 540 2612 oppressum,
575 2515 723 2610 perinde
767 2535 808 2590 uc
838 2512 978 2614 hareses
1005 2514 1093 2616 legi.

369 2623 433 2702 hus
456 2629 563 2701 elium
585 2627 691 2722 impp.
728 2623 893 2727 repreffae.

111 2729 346 2903 Religione
377 2786 466 2865 nibil
494 2787 675 2887 antiquius
705 2785 831 2865 habuit
862 2789 944 2886 pius
974 2787 1151 2870 Theodo-

216 2899 283 2977 ssus
313 2922 388 2992 „ex
409 2898 484 3000 ipso
502 2901 644 2997 imperii
665 2897 715 2975 sui
735 2899 889 2975 exordio
907 2923 983 2976 non
998 2903 1148 3000 quievit,

108 3066 133 3104 „
159 3010 347 3091 iustlllimis
383 3027 420 3088 et
450 3007 775 3089 misericordiffimia
820 3009 961 3108 legibus
984 3011 1151 3092 adversut

106 3178 131 3216 „
162 3127 296 3223 impios
346 3123 522 3200 laboranti
569 3122 722 3201 ecclesie
757 3122 986 3212 subvenire.
1039 3148 1150 3225 quam

108 3290 132 3327 „
164 3232 299 3316 Valens
313 3235 506 3316 haereticus
532 3234 653 3315 favens
690 3233 827 3312 Arianis
850 3235 1081 3313 uehementer
1101 3235 1153 3313 ai·

107 3402 132 3441 „
159 3345 326 3436 flixerat,
356 3353 458 3426 cuius
472 3344 636 3427 Ecclesiae
654 3345 686 3424 le
705 3350 909 3424 membrum
930 3345 999 3427 elle
1017 3353 1151 3446 magia.

107 3515 132 3553 „
164 3484 271 3560 quam
299 3464 336 3536 in
362 3462 462 3537 terris
483 3482 634 3558 regnare
657 3459 839 3556 gaudebat
853 3515 887 3551 „.
945 3457 984 3547 b)
1010 3459 1064 3537 Ad
1085 3459 1153 3538 Ni·

108 3594 246 3649 caenam
286 3570 396 3652 fidem
437 3569 720 3649 confirmandam
758 3594 813 3648 an.
849 3581 938 3659 38¹·
984 3571 1152 3671 generale

110 3683 225 3782 Cpoli
252 3685 449 3762 concilium
476 3686 718 3768 convocavit,
754 3683 921 3760 restitutis
958 3686 1026 3760 iam
1049 3700 1153 3762 antea

109 3794 284 3884 eccleliis,
315 3821 402 3898 quas
430 3797 551 3876 Ariani
590 3810 856 3893 occupaverant
889 3794 952 3871 sub
976 3793 1156 3875 Constan-

112 3911 167 3984 tio
187 3923 223 3987 et
250 3898 404 3987 Valente
428 3911 543 4010 impp.
559 3907 630 3985 Sed
661 3907 767 3982 nimia
796 3905 881 3984 altas
912 3908 1048 3984 radices
1079 3908 1155 4007 egil

601 4016 638 4096 O
671 4030 695 4119 3
971 4042 1098 4107 error,

152 4123 188 4202 a)
208 4123 238 4191 S.
263 4123 409 4206 Angustia.
432 4122 492 4193 lib.
516 4121 552 4188 V.
576 4121 615 4187 de
633 4121 714 4188 n'vic
730 4119 786 4187 un
808 4140 835 4187 e.
849 4127 898 4189 26.
940 4123 977 4200 d)
1000 4120 1122 4186 ldlu
