2512 4620
166 250 170 257 ,
240 320 243 325 Ι
265 230 415 307 regnum
428 194 565 295 'coriti
586 207 626 283 in
642 208 760 287 torris.
780 228 808 285 c.
827 202 966 291 XLIX.
1043 230 1120 311 241

94 371 273 474 superest:
321 368 444 445 Sedet
469 364 547 454 ilii,
596 371 716 468 pergit
740 368 923 469 apostolos
951 395 984 449 v.
1013 370 1127 470 23st

96 507 169 560 non
184 479 441 579 permanserint
457 481 495 553 in
522 476 789 567 incredulitate,
819 479 1037 576 infiscentur:
1058 500 1125 583 po.

91 609 169 675 tons
183 590 331 678 etenim
359 588 475 675 Deus.
503 587 632 665 iterum
656 586 810 687 inserere
830 592 913 671 ilios.
971 592 1069 672 Nom
1097 590 1128 687 fi

95 720 140 786 tu
165 729 209 780 ex
230 700 389 779 notnrnli
418 696 552 797 excisus
574 696 735 789 oleniiro,
763 706 938 780 et'contro
956 718 1127 784 notururn

98 816 251 915 insertus
275 837 308 891 es
326 817 365 888 in
386 807 513 887 bonurn
534 804 685 889 olivum:
715 824 843 909 quanto
862 820 976 911 mugit
992 820 1042 904 ii,
1063 816 1127 914 qui

91 926 286 1026 secundnm
311 934 504 1008 naturum,
551 923 748 1016 inserentur
763 918 836 1021 suu
856 920 989 1004 olion?
1029 926 1127 1007 Nolo

100 1044 195 1117 enim
223 1060 286 1112 vos
314 1039 482 1131 ignorare
498 1028 638 1131 frotres
662 1030 1032 1134 nordostunorum
1056 1058 1128 1116 non

98 1149 172 1241 fitis
188 1145 286 1224 oobr‘s
305 1143 381 1243 iotis
395 1143 593 1241 sopientes)
612 1147 695 1241 quio
715 1149 845 1223 cucitos
865 1161 1028 1245 exparte
1045 1173 1127 1227 con.

100 1265 188 1356 tigit
222 1260 260 1332 in
283 1252 394 1355 Israel
406 1310 417 1343 ,
446 1255 550 1331 donoc
572 1250 751 1353 plenitudo
768 1260 931 1354 gnetium
960 1263 1125 1340 intraret.

100 1371 162 1452 Est
184 1369 274 1457 hoc,
295 1368 397 1469 quod
415 1364 575 1446 Christos
588 1355 626 1456 u)
644 1367 757 1461 dinit;
779 1366 897 1447 Donec
915 1368 1129 1468 impleantur·

101 1495 262 1576 temporo
277 1481 470 1555 notionum.
501 1475 676 1580 Exemplo
695 1479 895 1559 lodaeorum
913 1495 1128 1574 terreamus.

100 1597 165 1695 qui
210 1603 356 1688 propter
385 1586 664 1666 incredulitatem
684 1584 797 1687 fruiti
827 1589 924 1685 sunt.
987 1590 1043 1671 Tu
1063 1618 1130 1670 ou.

102 1701 246 1796 temjide
258 1699 333 1790 dos.
391 1693 481 1776 Noli
499 1692 610 1774 olcurn
624 1698 768 1794 sopore,
789 1693 855 1798 sed
871 1704 965 1778 time.
1024 1701 1129 1798 Qod

101 1815 148 1893 ad
169 1817 239 1890 hoc
265 1810 438 1887 increduli
456 1809 528 1884 hoc
557 1803 675 1885 seculo
690 1808 839 1896 suffeni,
870 1814 932 1911 qui
952 1837 1049 1892 nunc
1068 1812 1131 1891 dc·

103 1949 206 2004 mum
226 1937 261 1999 et
283 1920 346 1996 fibi
371 1919 432 1996 soll
459 1918 575 2018 sapere
602 1917 800 1995 videntur?
841 1912 933 1999 Ecce
951 1946 1027 2000 non
1051 1925 1128 2002 vult

103 2060 171 2114 vos
195 2038 362 2130 ignorare
389 2028 573 2129 apostolus
592 2030 795 2129 mysterium
819 2029 910 2118 hoc,
941 2048 982 2107 uc
1001 2057 1070 2110 non
1088 2031 1133 2122 ῆι

104 2151 155 2225 tis
185 2143 283 2220 votis
304 2138 379 2238 ipfis
388 2138 582 2238 sopientes:
610 2138 706 2243 Quio
722 2144 852 2218 cucitos
867 2160 913 2218 erc
932 2156 1035 2241 porte
1051 2167 1132 2221 con·

106 2259 195 2352 tigit
215 2249 253 2328 in
284 2245 414 2347 Iirocl,
457 2251 560 2327 donec
578 2249 757 2350 plenitudo
775 2256 938 2349 gentium
962 2258 1129 2334 intraret.

105 2366 287 2448 Haiienus
305 2363 372 2441 fide
390 2366 487 2441 iuxta
501 2363 700 2475 apostolum
721 2368 885 2463 gentium
904 2366 997 2445 stetit
1010 2365 1133 2445 Eccle-

108 2480 156 2556 ssa
176 2502 220 2554 ex
243 2477 409 2575 gentibus
435 2489 674 2574 congregata:
721 2473 849 2578 Quodn
868 2474 980 2573 oloqui
1001 2501 1047 2553 ex
1071 2500 1133 2555 ro·

105 2594 175 2667 mis
188 2585 303 2686 frodi
321 2585 430 2683 stent,
460 2598 499 2660 tn
521 2598 663 2670 scetem,
692 2608 768 2660 curn
788 2584 922 2673 oleoder
946 2585 1042 2687 effes,
1076 2591 1134 2663 in.

104 2700 220 2799 percus
240 2721 273 2773 es
295 2701 334 2770 in
352 2697 442 2781 inis,
479 2707 512 2770 ot
527 2694 640 2787 socius
663 2695 810 2779 radicis.
854 2706 889 2771 et
907 2698 1133 2795 pinguedinis

107 2810 209 2889 olion
222 2805 358 2906 fuitus,
387 2805 461 2880 noli
489 2801 647 2901 gloriari
674 2802 839 2904 odoersns
864 2826 991 2886 rumor.
1051 2808 1134 2886 lmo
1181 2796 1185 2805 ¹

110 2945 285 3019 rogemus
303 2941 386 2994 cum
404 2912 552 2994 Ecclesia
569 2915 760 3003 catholico,
790 2932 896 3017 atque
912 2921 946 2995 in
960 2922 1033 2995 eius
1053 2942 1137 3019 goe·

111 3039 189 3110 mio
212 3030 306 3135 firmi
326 3028 419 3129 spem
446 3030 691 3125 concipiamus
714 3023 752 3114 b)
771 3029 1064 3129 quandoquidem
1089 3028 1137 3107 il«

108 3144 226 3222 Iornno
246 3137 363 3217 dcliiio
376 3132 471 3236 solus
486 3134 528 3225 eit
547 3134 734 3233 gentibus,
764 3151 803 3213 nt
825 3138 898 3216 idos
917 3138 1132 3218 aemuIentur.

109 3251 240 3357 Quodd
263 3250 421 3341 delicium
442 3248 581 3324 iliorum
603 3248 737 3324 divitie
751 3249 838 3347 funt
856 3251 996 3338 mnndi,
1026 3264 1061 3327 et
1078 3252 1137 3328 di·

112 3367 264 3441 nzinntio
286 3384 405 3438 cor‘rnu
422 3359 750 3454 divitiegentinm:
778 3373 907 3456 qnonto
926 3365 1039 3456 magis
1063 3360 1138 3458 plo.

116 3475 239 3551 oritudo
265 3475 412 3549 corum?
443 3468 548 3546 Vobis
568 3473 660 3545 euim
675 3471 943 3568 dicogentibns:
970 3475 1139 3569 quamdin
1249 3562 1253 3569 ,

114 3586 254 3685 quidem
286 3606 346 3677 ego
365 3580 449 3680 sum
468 3586 629 3677 gentium
661 3577 862 3678 apotolus,
907 3582 1136 3673 ministerium

114 3720 230 3777 mcum
246 3691 492 3790 honorificabo:
525 3708 561 3770 et
577 3690 641 3781 fic,
672 3696 734 3795 qui
757 3692 838 3773 suot
851 3696 1079 3799 proeordinati
1100 3710 1138 3774 ct

117 3824 230 3919 ΤρΜ.
262 3820 304 3899 ΙΙ.
634 3822 687 3918 Q
949 3826 1081 3925 potati,

159 3970 387 4061 n)Loc.XX1·
410 3990 460 4055 24.
521 3980 556 4058 i)
577 3972 665 4043 Rom.
685 3972 739 4047 XL
762 3990 811 4045 tt.
