2506 4958
460 46 509 71 ψ

277 219 428 299 ragnum
453 193 584 291 Christi
602 197 642 275 in
659 197 781 277 terris.
800 220 829 277 c.
845 195 972 277 XLII.
1087 218 1139 298 ς,

107 366 369 464 obtemperare.
429 358 607 440 Audiviise
640 377 760 438 autern
795 360 1007 461 pontificem
1043 361 1141 462 iega-

104 482 274 563 tionem,
303 492 339 551 et
359 478 524 575 privatim
541 491 577 551 et
596 473 761 574 publice:
793 491 830 551 et
842 474 1056 552 collaudatis
1077 500 1141 575 pa·

104 589 294 673 triarchis‚
325 589 476 686 scripta,
504 610 583 687 quae
605 584 750 685 Moyses
773 585 963 674 attulerat,
996 591 1033 663 in
1064 588 1142 665 iati-

106 726 196 779 num
226 699 417 787 translata,
448 703 484 773 in
513 698 664 775 archivis
693 697 866 776 Romaaae
898 696 1061 776 Ecclefiae
1087 723 1143 776 ra-

107 813 219 890 condi
247 809 399 897 iuisiise,
443 809 630 909 ipsumque
657 810 817 908 legatum
848 811 891 887 ad
915 818 1059 911 propria
1086 836 1146 889 re·
1231 818 1235 829 ‘

107 921 233 1000 misisse
262 923 332 999 dac.
391 920 507 1015 Quod
538 921 597 998 hic
622 919 766 1022 Moyses
792 923 986 1020 indigitat,
1017 922 1142 1005 decre·
1229 1013 1242 1026 .

105 1051 186 1113 tum
216 1035 330 1111 satore
362 1036 590 1111 zizaniorum
620 1031 856 1110 concordiam
895 1035 1141 1134 impediente,

107 1147 322 1248 patriarchas
346 1170 419 1221 nou
449 1142 645 1243 suscepisse.
681 1148 839 1244 contigit
860 1146 933 1236 hoc
955 1147 1050 1225 haud
1075 1147 1168 1226 du„

108 1262 167 1336 bie
214 1261 250 1335 in
280 1256 559 1357 pseudosynodo
596 1256 789 1357 Cpolitana
818 1263 939 1358 paucis
969 1261 1049 1359 post
1088 1284 1153 1343 rea.

108 1374 227 1448 ditum
255 1370 468 1449 Graecorum
494 1372 596 1445 annis
630 1369 829 1464 celebrata;
875 1373 911 1446 in
941 1374 1011 1470 qua
1034 1374 1141 1449 etiam

109 1482 274 1564 Orientis
317 1480 522 1581 patriarchas
556 1479 836 1582 Metrophanem
879 1481 1141 1583 Cpolitanum,

109 1600 173 1695 qui
198 1594 441 1673 Florentinum
461 1593 637 1692 synodum
660 1594 961 1681 commendabat,
990 1613 1027 1673 et
1045 1595 1143 1697 apud

109 1707 193 1784 suos
227 1708 392 1782 sancitam
422 1709 458 1780 in
492 1728 530 1780 ea
566 1706 800 1781 concordiam
841 1729 1041 1805 propagare
1072 1711 1145 1787 stu·

110 1822 239 1904 debat,
269 1818 494 1892 anathemate
517 1814 653 1891 Arsenii
671 1814 887 1892 Caesariensis
907 1817 1142 1915 suggestioni·

109 1934 179 2009 bus
199 1931 457 2028 perculerunt3
488 1941 523 2002 at
543 1925 657 2002 nullas
676 1929 713 2001 in
729 1951 775 2003 eo
792 1927 941 2004 decreto
960 1929 1051 2004 diras
1069 1933 1144 2006 ani-

113 2043 304 2119 madvertit
323 2037 375 2115 Le
396 2037 521 2129 Quien
544 2039 581 2113 in
603 2035 810 2117 Romanum
834 2037 1064 2138 pontificem,
1095 2041 1147 2117 la·

111 2158 298 2251 tinamque
320 2147 508 2228 Ecclesiam
526 2151 702 2243 intortas3
723 2167 764 2228 ut
786 2149 931 2248 quidam
951 2153 988 2228 ia
1013 2152 1149 2251 vulgus.

111 2264 337 2367 sparserunt,
382 2263 577 2362 quotannis
614 2266 720 2337 etiam
775 2261 926 2346 Graecos
954 2263 1143 2362 pontifices

111 2375 332 2454 anathema
324 2397 359 2449 rn
385 2373 586 2454 Romanam
603 2370 823 2455 Ecclesiam
813 2399 851 2453 m
874 2398 982 2457 coena
1010 2375 1146 2456 Domi·

112 2493 151 2568 ni
179 2488 294 2590 palam
319 2489 564 2586 pronuntiare

113 2693 1148 2759 ΕΞΕΞΞΞΞΞΞΞΞ

389 2863 641 2943 Carus
696 2861 865 2947 XLili.

172 3024 324 3106 Matuta
344 3049 365 3100 o
383 3021 656 3110 Praesentibus
677 3025 807 3113 Sucro,
837 3036 872 3102 et
886 3023 1092 3102 hierarchia

231 3136 375 3226 Ecclesia
395 3133 584 3213 militantis
602 3141 705 3234 regni
727 3135 856 3228 virilia·
870 3142 909 3215 in
927 3140 1036 3216 terris

232 3250 363 3329 odissia
382 3249 450 3326 Sec.
482 3247 588 3328 XVI.

120 3355 245 3531 Cum
267 3418 413 3510 ingente
432 3409 617 3510 voluptate
632 3413 814 3512 percipio,
838 3413 964 3511 agitari
981 3411 1025 3489 de
1043 3413 1150 3490 unio·

214 3551 258 3600 ne
287 3525 431 3602 Ruisrcae
458 3521 606 3599 ecclefiae
633 3524 773 3630 saltem,
805 3524 941 3605 Graecis
961 3522 1151 3602 schismati·

123 3639 174 3713 cis
194 3637 339 3714 addistae
354 3637 546 3738 haetenus,
567 3659 650 3711 cum
673 3634 1047 3714 Romano-catholica
1063 3660 1152 3712 con-

122 3748 212 3832 tilia,
241 3751 338 3844 quod
362 3751 501 3843 magnis
525 3745 661 3849 semper
679 3754 771 3825 uotis
791 3751 935 3847 optari,
967 3749 1148 3849 atqueSS.

125 3859 162 3938 P.
181 3861 227 3938 Ν.
244 3859 309 3938 Pio
336 3859 398 3937 Vl.
417 3861 502 3936 durn
527 3883 580 3937 an.
611 3873 724 3952 1782.
746 3859 975 3939 Germaniam
995 3858 1150 3948 adiisset,

592 3971 630 4051 D
663 3991 685 4062 3
1017 3971 1098 4070 sup·
