2506 4958
133 543 193 646 '70
496 541 639 640 &elenu
666 543 828 624 militent

135 712 176 790 in
198 708 278 787 libr.
311 705 463 812 Didymi
482 708 528 788 de
554 709 691 812 Spiritu
716 707 752 789 S.
774 722 811 787 et
836 704 957 810 pa‘ffim
980 710 1018 786 in
1039 709 1188 812 epistola

138 840 203 914 30·
234 838 300 924 44-
331 844 397 918 47·
434 840 495 916 52.

191 982 425 1070 Meretricem
459 986 565 1061 etiam
589 982 883 1085 Apocalypticam
909 980 1066 1061 Romam
1092 1009 1186 1059 ave·

134 1099 274 1177 teribus
299 1097 462 1174 statutam
490 1094 586 1183 effe,
617 1097 743 1173 testem
778 1097 948 1173 habemus
975 1097 1184 1183 Andream,

133 1225 172 1287 et
202 1208 372 1298 Aretham
396 1201 738 1309 epp’Caeiarienses
770 1223 969 1295 comment.
995 1212 1031 1282 in
1069 1208 1182 1307 Apoc.

133 1320 233 1400 Cum
258 1325 354 1398 enim
380 1321 587 1408 sententiam
616 1321 716 1408 alteri
742 1322 891 1404 minime
915 1319 1182 1407 adversantem,

131 1449 171 1511 et
198 1431 318 1532 passim
353 1435 460 1509 etiam
493 1433 539 1522 ab
570 1432 645 1519 aliis
669 1431 857 1518 aisertam.
909 1433 1086 1513 mundum
1118 1436 1182 1505 im.

132 1546 317 1623 mundum
345 1542 413 1622 eise
440 1543 533 1622 hanc
568 1548 790 1631 meretricem
816 1543 1046 1630 statuissent,
1094 1542 1185 1646 Qni-

130 1655 216 1734 dum
246 1654 455 1743 vernolii,
487 1658 643 1769 sequitur
666 1680 697 1745 c,
734 1677 792 1749 53.
821 1654 1022 1765 presentem
1046 1655 1185 1731 revelo-

129 1771 265 1848 dionem
296 1765 544 1860 discrnientes,
589 1770 810 1849 meretricem
844 1771 1072 1864 interpretati
1091 1767 1184 1864 sunt

129 1892 288 1958 veterem
318 1879 468 1957 Romam
494 1892 556 1961 uret
584 1877 787 1978 universale
815 1902 987 1975 regnum,
1019 1881 1110 1976 qnod
1136 1880 1186 1954 od

119 1989 314 2094 fieundum
358 1991 464 2092 usque
511 1990 661 2077 Domini
703 1991 894 2071 aduentum
936 1991 1179 2090 protenditur.

128 2102 295 2208 Utraque
320 2104 490 2182 sententia
521 2103 631 2206 paulo
663 2105 742 2204 post
774 2108 970 2203 iungitur:
1016 2103 1181 2178 Metron

19 2313 22 2320 .
126 2238 216 2294 nero
238 2213 525 2316 fornicationum
561 2215 883 2310 peremtorias,
943 2237 1182 2312 onnnrennpne

126 2327 313 2415 volueris,
342 2325 414 2418 doe
443 2341 600 2407 veterem
634 2327 803 2415 Remum,
833 2326 905 2415 doe
930 2352 1081 2413 rrozmm,
1111 2325 1181 2415 tine

125 2451 262 2540 tempus
283 2445 367 2517 uite
392 2438 624 2528 detinendi,
657 2466 781 2517 nvero
806 2440 975 2516 nirerrore
991 2464 1059 2514 non
1080 2453 1176 2534 pote-

123 2555 208 2628 ris:
238 2551 368 2648 eoquod
390 2550 530 2646 fingulae
557 2555 748 2646 imperinm
761 2551 990 2648 susceperunt
1020 2551 1177 2626 oliorum

124 2666 344 2750 ciuitatum,
374 2674 406 2738 et
424 2661 778 2759 nnnqnaeqnesotiotu
799 2662 842 2753 eli
860 2662 1029 2756 fungerine
1037 2662 1177 2758 frumin.

124 2797 210 2852 rum
251 2784 462 2868 martyrum.
522 2773 632 2850 Nova
669 2772 787 2852 Roma
836 2773 1176 2873 Constantinopolis

125 2910 220 2965 mox
242 2909 319 2986 cap.
343 2886 503 2986 sequenti
531 2886 720 2963 indicatur.
780 2885 913 2966 Auum
938 2884 1176 2982 expositionis

122 2998 162 3076 iu
189 2998 302 3099 Apuc.
333 2995 458 3076 XVll.
498 3001 591 3074 inter
623 3022 733 3098 opera
771 2999 805 3074 S.
835 2996 1040 3085 Ambrosii,
1078 3002 1175 3095 post.

121 3135 233 3213 quam
258 3133 333 3186 rem
366 3135 410 3187 ex
436 3111 606 3187 sententia
627 3117 732 3187 etiant
763 3110 797 3187 S.
819 3108 1035 3210 Hieronymi
1062 3114 1177 3210 expli.

126 3221 256 3332 cadet,
286 3220 325 3312 o)
341 3223 464 3299 decem
489 3247 644 3309 cornua,
677 3224 806 3323 quibus
829 3222 1036 3299 Romanum
1062 3227 1176 3322 impe.

118 3339 216 3415 rium
248 3335 464 3412 destruiium
503 3336 574 3420 est,
618 3352 791 3410 nominat.
850 3392 872 3426 „
903 3334 1045 3412 Partem
1073 3362 1173 3410 num·

117 3504 142 3542 „
172 3473 269 3553 que,
301 3451 437 3542 inquit,
478 3444 563 3522 nflae
595 3444 703 3522 Perse
737 3447 894 3544 primurn
922 3449 1171 3524 abstulerunt:

114 3614 139 3653 „
171 3561 294 3660 postea
313 3583 403 3644 uero
426 3557 590 3635 Saraceni
622 3557 867 3634 abstulerunt:
902 3558 1052 3635 Vandali
1081 3562 1173 3636 Afri-

117 3725 142 3766 „
173 3694 250 3759 cam
273 3669 333 3760 [rbi
361 3671 659 3757 vindicaverunt.
682 3670 1038 3768 GothiHispaniam.
1071 3671 1172 3749 Lon·

116 3837 140 3878 „
171 3784 325 3881 gabardi
350 3782 506 3873 ltaliam,
530 3779 808 3879 Burgundiones
836 3783 1011 3868 Galliam,
1046 3783 1172 3860 Franci

113 3949 141 3989 „
172 3893 431 3993 Germanianh
465 3892 589 3985 Hunni
614 3892 838 3970 Panoniam:
872 3897 972 3974 Alani
998 3911 1116 3970 autern
1134 3912 1172 3973 et

114 4061 139 4101 ,‚
169 4007 277 4083 Suevi
302 4006 411 4089 multa
438 4007 515 4095 loca
543 4006 753 4108 depopulati
784 4007 885 4091 sunt,
932 4032 1011 4109 quae
1038 4033 1168 4085 eorum

115 4173 140 4212 „
168 4118 402 4196 subiiciebant
429 4120 570 4205 ditioni„
593 4112 598 4120 ’
623 4117 669 4210 ln
693 4119 755 4197 illu
788 4117 931 4199 verda:
975 4118 1018 4200 Et
1043 4121 1168 4197 decem

1035 4288 1059 4328 ,‚
1087 4257 1170 4311 cor·

155 4386 191 4464 a)
211 4382 248 4450 T.
272 4383 311 4450 11.
336 4387 455 4468 append
487 4407 517 4468 p.
545 4406 572 4466 ς.
598 4393 648 4466 ⁶4·
